2746 4950
654 353 713 413 loo

180 558 313 622 nicarum
338 559 519 642 aucupium,
544 558 656 622 similes
680 549 824 621 orationn
848 557 987 642 ambages
1003 566 1035 621 et
1052 581 1188 642 pompa,

181 677 347 754 antitheta,
372 699 554 762 synonyma,
572 684 670 741 cetera
685 676 717 740 id
733 700 829 760 genus
837 703 846 754 3
864 676 1023 740 sedetiam
1039 677 1192 760 frequens

178 794 342 860 eorundem
373 795 588 859 vocabulorum
616 806 646 859 et
669 795 931 859 constructionum
961 817 1047 858 usus,
1096 793 1189 859 Idem

177 921 222 978 est
237 916 275 986 in
298 924 428 998 utraque
444 914 571 999 epistola
583 915 695 979 abusus
709 914 847 978 vocabuli
859 914 973 994 σχεδόν.
988 912 1060 978 Vid.
1073 937 1104 999 p.
1120 917 1187 978 352

176 1033 219 1110 l];
244 1035 306 1098 353
332 1035 377 1111 Α,
401 1033 448 1110 D,
473 1033 516 1110 l'l;
541 1035 603 1098 357
629 1033 664 1096 Β.
694 1032 930 1097 Circumlocutio
956 1031 1039 1096 verbi
1064 1032 1188 1110 γίγνεσ-

176 1153 235 1230 θαι,
264 1153 404 1237 frequens
426 1152 459 1215 in
483 1152 583 1236 priore
607 1151 734 1236 epistola
757 1152 805 1235 (cf.
830 1174 860 1235 p.
878 1153 942 1234 43),
969 1151 1062 1213 etiam
1082 1151 1117 1214 in
1130 1150 1198 1214 hae

182 1243 243 1335 non
273 1271 364 1335 semel
392 1272 543 1348 occurrit,
568 1280 604 1335 ut
626 1294 655 1354 p.
681 1273 743 1334 353
772 1270 814 1333 B:
839 1269 986 1348 ξυμβῆναι
1009 1269 1189 1345 γενομένην,

181 1389 245 1455 ibid
268 1390 313 1453 D:
338 1362 496 1468 iopssalvei
516 1391 694 1466 γιγνόμενον,
720 1397 750 1452 et
765 1388 868 1452 eadem
885 1387 996 1472 pagina
1012 1388 1059 1449 A:
1078 1387 1189 1466 ἐκβαρ-

181 1480 359 1589 βαραθέῖταν
392 1508 523 1584 γενέσθαι
555 1529 609 1592 pro
632 1507 897 1588 ἐκβαρβαρωθῆναι.
951 1504 1090 1569 Verbum
1114 1506 1189 1583 δεῖν,

181 1627 263 1711 quod
280 1627 311 1690 in
328 1626 481 1712 superiore
497 1627 684 1704 notavimuS,
701 1650 730 1711 p.
744 1627 797 1704 45,
811 1648 863 1711 per
876 1624 1097 1689 abundantiam
1110 1626 1192 1710 posi·

180 1754 248 1810 tum
285 1768 315 1831 p.
355 1747 417 1808 352
458 1745 504 1808 D:
536 1744 690 1824 ξυμβουλὴ
720 1745 753 1819 δη
783 1744 845 1825 τερί
876 1749 931 1808 τῶν
964 1743 1098 1808 τοιούτων
1128 1745 1191 1822 θρθη

167 1865 251 1930 δυ’κει
280 1865 420 1930 ἐκοίοτοτε
449 1872 508 1936 τοῖς
535 1863 653 1935 πολλοῖς
676 1860 746 1928 εἶναι
769 1869 870 1929 ταῦτα
892 1860 1104 1940 ξυμβουλεύειν
1119 1863 1189 1944 δεῖν,

179 1984 239 2049 κτὲ.
285 1983 425 2066 Denique
452 1982 556 2047 eadem
593 1990 639 2046 est
661 1982 811 2063 affectatio
835 1980 1008 2066 gravitatis,
1032 1979 1117 2044 idem
1141 1987 1191 2044 tu-

180 2123 260 2178 mor,
292 2100 414 2165 eaedem
437 2101 590 2186 argutiae,
616 2100 699 2192 quod
722 2106 758 2164 ut
781 2106 939 2184 appareat,
962 2098 1053 2162 lineet
1074 2099 1191 2183 episto

180 2221 239 2284 lam
263 2220 390 2305 carptim
412 2234 594 2305 percurrere.

222 2459 296 2522 Post
319 2459 532 2523 salutationem
555 2458 629 2523 dicit
652 2458 742 2521 haec:
767 2455 874 2536 ἐλπίζω
892 2456 921 2520 ’δ’
933 2458 990 2535 οὐχ
1006 2456 1074 2532 ὑμῖν
1090 2457 1189 2532 μθνοις

177 2576 403 2656 ξυμβουλεθοειν
432 2578 473 2642 τὰ
500 2576 699 2657 ξυμφέροντα,
724 2575 860 2652 μιίλιοτοί
882 2597 920 2650 γε
942 2575 999 2651 μην
1023 2575 1111 2648 ὑμῖν,
1136 2576 1190 2640 καί

177 2697 312 2778 δευτέροις
342 2702 415 2762 τοῖσι
451 2705 510 2768 τοῖς
548 2698 576 2760 ἐν
610 2694 821 2776 Συρακούσαις,
851 2693 953 2771 τρίτοις
988 2692 1011 2755 δ’
1024 2693 1104 2768 ὑμῶν
1137 2695 1189 2759 καί

176 2823 235 2888 τοῖς
254 2817 362 2897 ἐχθροῖς
381 2815 429 2879 καί
448 2815 612 2893 πολεμίοις,
639 2815 715 2888 πλὴν
736 2812 826 2884 εἴτις
850 2811 1028 2892 ἀνοσιουργὸς
1051 2811 1188 2888 γέγονεν.

177 2936 215 3000 In
234 2935 298 2999 his:
318 2935 454 3012 μοίλιοτα
473 2936 540 3012 ὑμῖν
562 2972 607 2982 -
625 2933 758 3011 δευτέροις
780 2971 825 2981 -
847 2932 965 3010 τρίτοις,
991 2931 1189 3014 agnoscimus

177 3053 307 3136 colorem
338 3053 502 3137 superioris
533 3051 677 3138 epistolae
708 3052 756 3136 (of.
789 3072 817 3135 p.
843 3053 906 3135 35).
951 3047 1035 3112 Illud
1057 3051 1189 3117 ternarii

177 3172 294 3235 numeri
323 3171 489 3255 aucupium
512 3171 646 3234 cernitur
669 3168 761 3232 etiam
783 3191 814 3253 p.
840 3169 902 3230 355
928 3166 972 3229 B:
997 3164 1119 3242 δέξασθε
1144 3169 1188 3233 νο’·

177 3314 265 3371 μους,
289 3286 384 3361 οἵτινες
409 3288 445 3353 θον
468 3291 536 3367 ὑμῖν
559 3288 720 3371 Φαίνωνται
745 3286 877 3366 μητρὸς
900 3284 1110 3366 χρηματισμὸν
1135 3287 1187 3351 καί

178 3412 300 3472 πλοῦτον
322 3407 474 3487 τρέψοντες
496 3408 553 3471 τοὶς
576 3407 699 3484 γνιίμας
721 3407 798 3483 ὑμῶν
820 3406 892 3481 μήτ’
916 3404 1085 3481 ἐπιθυμίας,
1111 3407 1187 3470 aaa'

176 3527 260 3592 ὄντων
283 3526 363 3607 τρίαν
373 3577 382 3608 ,
405 3533 507 3607 ψυχῆς
532 3525 581 3589 καί
606 3525 758 3603 σώματος,
772 3524 853 3588 ἔτιδὲ
869 3523 1044 3603 χρημάτων,
1061 3522 1116 3595 την
1133 3532 1188 3598 τῆς

177 3651 279 3725 ψυχῆς
297 3646 400 3724 οίρετην
418 3642 657 3721 ἐντιμοτοίτην
677 3648 834 3718 τοιοῖιντες,
853 3639 1186 3720 δευτέρανδὲτηντοῖι

177 3766 311 3838 σώματος
334 3762 388 3826 ὑπὸ
411 3771 448 3843 τῇ
471 3771 523 3837 τῆς
546 3768 649 3842 ψυχῆς
671 3760 816 3842 κειμένην,
840 3760 959 3837 τρίτην
978 3757 1071 3821 δὲκαὶ
1089 3758 1184 3824 ὑστοί·

177 3906 228 3955 την
250 3884 301 3956 την
324 3888 379 3944 τῶν
403 3879 563 3960 χρημάτων
588 3881 674 3958 τιμην
697 3881 757 3945 ari.
795 3877 912 3943 Omitto
936 3877 1074 3941 vitiosam
1093 3877 1186 3960 junc-

177 4006 293 4082 turam:
318 4002 359 4077 μη
375 4049 382 4064 .
398 4048 427 4064 ..
451 3999 602 4080 τρέψοντες
625 3999 680 4071 τοῖς
701 3998 821 4075 γνώμας
835 3999 913 4075 ὑμῶν
924 3997 1004 4073 μήτ’
1015 3996 1183 4072 ἐπιθυμίας.

178 4117 334 4182 Sententia
358 4125 458 4181 autem
484 4116 521 4180 de
544 4115 657 4200 triplici
680 4117 829 4181 bonorum
853 4137 961 4198 genere
976 4115 1033 4178 hoc
1049 4113 1117 4177 loco
1136 4123 1184 4180 est
