2746 4950
652 355 714 415 225

180 571 246 642 tos,
278 562 390 647 quibus
414 562 642 626 continerentur
664 561 785 625 decreta
808 570 840 625 et
862 560 1052 626 definitiones
1076 586 1092 626 e
1118 560 1186 625 Pla·

180 682 261 746 tonis
284 683 346 746 sive
369 680 481 745 scholis
504 681 566 745 sive
589 679 718 764 dialogis
749 679 909 764 depromta
916 706 925 758 ;
950 681 1059 744 horum
1085 690 1186 745 autem

181 801 467 865 commentariorum
497 800 595 864 simile
624 800 727 865 fatum.
748 800 843 864 fuisse
875 823 909 864 ac
932 806 987 866 τῶι
1010 800 1184 882 διαιρέσεων,

181 942 275 1003 qnae,
310 928 346 983 ut
376 919 467 984 modo
491 918 639 998 vidimus,
664 920 724 984 cito
748 927 938 984 evanuerunt
960 920 1053 1003 inque
1077 942 1181 984 eorum

181 1037 282 1101 locum
313 1037 422 1102 deinde
445 1038 548 1123 spuria
575 1038 734 1123 supposita
757 1045 847 1115 sunt,
872 1059 952 1121 quae
974 1037 1098 1102 tandem
1121 1038 1187 1123 ipsa

182 1179 303 1242 quoque
325 1157 359 1221 in
381 1157 563 1222 oblivionem
586 1165 744 1222 venerunt.

226 1274 368 1340 Ceterum
397 1275 606 1361 Epistolarum
637 1275 696 1338 loci
726 1275 759 1338 in
790 1274 837 1338 his
869 1275 1020 1359 capitibus
1052 1297 1069 1338 a
1099 1251 1189 1339 nobis

181 1394 320 1472 tractati,
355 1393 393 1458 de
427 1394 569 1473 scientia,
606 1394 643 1459 de
679 1393 915 1479 philosophandi
949 1393 1115 1472 methodo,
1151 1393 1189 1457 de

182 1513 347 1598 sapientiae
371 1512 506 1591 arcanis,
540 1513 698 1576 manifeste
731 1521 865 1595 arguunt
889 1513 1066 1596 scriptorem
1089 1512 1190 1576 Plato-

182 1634 251 1698 nica
275 1631 397 1716 quidem
419 1632 550 1696 lectione
572 1632 704 1696 tinctum
727 1639 758 1694 et
781 1630 966 1708 coloratum,
1003 1631 1055 1694 sed
1078 1633 1188 1695 mentis

184 1753 249 1816 eius
273 1759 303 1815 et
326 1750 481 1815 doctrinae
504 1759 671 1836 expertem,
696 1749 864 1816 disserendi
886 1749 1013 1827 rudem,
1038 1750 1189 1834 specimen

183 1871 315 1954 denique
337 1869 485 1948 hominis,
510 1869 631 1953 qualem
653 1859 718 1953 ipse
737 1867 880 1932 describit
896 1867 964 1952 (Ep.
982 1847 1062 1946 VH,
1079 1891 1108 1952 p.
1124 1871 1187 1932 343

184 1990 237 2075 E),
262 1990 315 2073 qui
338 1989 477 2053 videatur
492 1989 764 2067 collocandorum
780 1984 815 2052 ὧι
830 1987 866 2052 ἂι
882 1989 1015 2067 ἐπιχειρῇ
1031 1987 1156 2065 otoldus
1173 1987 1188 2062 ἢ

183 2109 291 2186 λέγειν.
338 2107 422 2172 Haec
445 2109 518 2172 satis
541 2107 640 2171 valere
664 2107 771 2191 opinor
792 2105 829 2169 ad
849 2104 1068 2191 reprobandam
1086 2127 1190 2169 corum

184 2228 372 2314 opinionem,
398 2227 452 2311 qui
470 2227 640 2312 Epistolam
656 2225 720 2289 VII
737 2225 829 2289 alicui
846 2225 981 2288 Platonis
997 2225 1191 2289 familiarium

183 2346 232 2412 vel
256 2334 495 2432 discipulorum,
519 2344 709 2431 Speusippo,
730 2344 912 2422 Xenocrati,
933 2343 1022 2408 aliive
1038 2345 1103 2407 eius
1116 2354 1194 2406 aeta-

182 2466 223 2531 tis
248 2464 480 2552 adjudicandam
505 2487 569 2528 esse
592 2464 710 2548 opinati
734 2469 816 2526 sunt.
