2746 4950
663 339 704 401 68

178 547 345 610 concinnus
366 554 397 611 et
415 544 582 632 impeditus
600 552 655 610 est.
679 545 814 610 Attende
828 545 907 610 hene
918 546 1123 611 sententiam:
1142 547 1194 613 ἐὰν

177 664 206 728 δὲ
223 666 265 742 μη
281 663 517 743 ξνμβονλεύητονν
534 702 580 714 -
594 663 780 741 πεισόμενος,
798 664 976 740 αὐτόκλητος
987 700 1034 714 -
1044 666 1101 731 οὐκ
1111 665 1195 747 ἔρχο-

177 807 250 861 μοον,
266 782 439 861 βιησόμενος
455 785 484 847 δὲ
502 784 558 849 οὐδ’
570 781 606 848 ἂν
623 783 680 856 υἱὸς
697 781 792 866 ᾖμον.
816 783 856 847 In
867 784 982 868 protasi
993 783 1057 864 duo
1069 807 1194 870 ponun-

177 909 245 980 tur,
275 925 388 967 unum:
424 903 473 980 „si
496 902 565 987 quis
589 903 712 967 omnino
735 925 798 967 non
821 903 954 968 consulit
977 903 1154 988 sapientem
1159 904 1192 983 ,³²

177 1021 322 1086 alterum:
345 1022 396 1101 „si
417 1021 551 1085 consulit
574 1020 712 1106 quidem,
736 1028 852 1085 utnon
875 1021 1065 1106 obsequendi
1082 1023 1193 1089 volun-

176 1147 238 1205 tate
244 1140 426 1218 ;’'distinete
437 1140 511 1204 hoec
524 1141 566 1205 sie
578 1140 780 1205 enuntiasset:
789 1141 839 1206 ἐὰν
851 1141 881 1206 δε
892 1143 934 1219 μη
945 1139 1193 1220 ξυμβουλεύητοοί

176 1283 223 1338 μον
253 1258 289 1324 τό
321 1257 477 1340 scopulosus,
507 1258 883 1337 ἢξνμβονλενόμενος
905 1257 1030 1342 leuel
1060 1262 1191 1341 μηδννμνῑ

177 1380 342 1456 πεισόμενος
356 1377 591 1457 ξομβοολεύοντν.
616 1378 674 1442 His
685 1386 787 1443 sutem
797 1378 830 1443 in
843 1378 969 1465 epodosi
981 1379 1194 1466 subjiciunter

176 1497 263 1562 haec:
284 1495 464 1570 ἀὐτόκλητος
480 1497 527 1561 sert
546 1494 595 1562 τδν
607 1503 728 1562 τοιοῦτον
743 1499 793 1562 οὐκ
808 1496 948 1579 ἔρχομοννε
966 1496 1005 1561 ed
1021 1519 1191 1583 quemnam

177 1622 293 1700 spectet
319 1615 367 1680 τὸν
394 1614 538 1681 τονοῦτονΡ
568 1615 713 1681 nimirum
743 1615 780 1679 ad
804 1616 949 1700 priorem,
976 1617 1024 1681 τὸν
1048 1619 1092 1696 μη
1116 1617 1193 1698 ξομ

176 1733 395 1813 βονλενόμενονς
432 1734 515 1819 quod
546 1741 648 1799 eutem
680 1733 766 1798 uddit
795 1734 968 1813 βιασόμενος
998 1735 1028 1800 δὲ
1063 1737 1124 1801 οὐδ’
1157 1736 1194 1803 ἂν

176 1853 234 1925 υἱὸς
256 1851 273 1935 ᾖ
296 1877 368 1931 μου,
393 1851 431 1915 sd
455 1874 617 1936 quemnam
640 1852 698 1916 hoo
721 1852 859 1938 spectet?
881 1876 944 1918 non
967 1876 1038 1918 sene
1056 1855 1097 1919 ad
1113 1878 1192 1922 eun·

177 1972 262 2037 dem:
295 1971 349 2055 qul
372 1970 453 2035 enim
475 1993 581 2056 eogere
604 1972 718 2056 poesie,
749 1994 840 2057 quem
862 1995 901 2036 ne
929 1972 1018 2037 edens
1041 1966 1235 2059 quideml’.;f

177 2090 231 2155 sed
257 2089 296 2154 ed
319 2089 467 2167 alterum,
490 2090 539 2154 τὸν
561 2089 787 2168 ξυμβουλεύοντν
809 2092 852 2167 μη
874 2092 1007 2157 ἐθέλοντα
1028 2076 1214 2160 πείθεσθαι...

109 2282 114 2296 Α
176 2207 255 2272 Vide
289 2208 400 2292 igitur,
437 2229 529 2292 quem
563 2230 671 2293 parum
705 2206 849 2272 distincte
878 2216 908 2273 et
935 2209 1084 2275 concinne
1108 2213 1194 2298 eogi-

176 2332 241 2390 teta
275 2326 498 2404 enuncisverit,
532 2348 610 2411 quae
643 2324 722 2390 clere
746 2326 789 2390 sic
812 2327 915 2412 eloqui
938 2334 1097 2413 potuerat:
1134 2329 1194 2408 „si

178 2445 246 2527 quis
277 2452 331 2508 aut
358 2444 482 2509 omnino
510 2467 558 2508 me
581 2466 643 2508 non
666 2445 800 2509 consulit
823 2453 876 2509 eut
900 2446 1062 2510 consulens
1089 2455 1194 2514 osten-

179 2563 225 2626 dit
255 2585 286 2625 se
316 2562 442 2646 obsequi
464 2563 541 2627 mihi
562 2563 659 2640 nolle,
683 2563 771 2628 illum
794 2563 876 2628 ultro
899 2587 962 2629 non
985 2564 1078 2642 adeo,
1104 2566 1193 2632 hunc

180 2681 387 2765 obtemperare
416 2703 478 2744 non
509 2703 601 2765 cogo,
633 2704 672 2745 ne
702 2682 728 2745 si
755 2681 837 2746 filius
861 2683 985 2767 quidem
1007 2706 1094 2748 meus
1119 2685 1194 2750 sit’'

180 2798 274 2881 Quod
297 2806 399 2864 eutem
421 2800 546 2865 inserit:
570 2800 659 2882 δούλῳ
701 2801 714 2864 ὲ
737 2799 990 2880 ξομβονλεύσνονμ’
1013 2801 1049 2867 ἂν
1071 2804 1124 2868 κον)
1147 2807 1193 2882 μη

179 2918 311 2984 ἕθέλοντοὶ
341 2943 379 2997 με
408 2918 652 3003 προσβιαζοίμην,
686 2926 731 2984 est
762 2943 883 3006 pennus
910 2943 972 2985 non
996 2921 1096 2986 solum
1121 2923 1193 2988 inu·

178 3037 259 3116 tilis,
291 3039 343 3102 sed
374 3039 426 3122 qui
462 3039 553 3103 etism
581 3038 659 3102 male
682 3038 800 3103 divellit
822 3039 910 3104 ambo
934 3039 1008 3103 haee
1031 3040 1189 3106 membre:

178 3157 234 3221 ott·
257 3154 293 3220 dcv
315 3158 372 3228 υἱὸς
395 3155 412 3239 ᾖ
435 3179 490 3235 μον
513 3164 544 3221 et
565 3156 681 3236 τοοτὲρον
696 3157 749 3233 l’sl
765 3154 878 3236 μητέροο
893 3159 950 3238 οὐχ
965 3155 1036 3222 ὅσιον
1053 3161 1188 3238 >leodem

179 3273 422 3355 τροτβνοὲζετθννν;
462 3297 593 3359 quornm
632 3275 783 3360 posterius
824 3297 914 3339 nemo
957 3276 1126 3360 requireret
1164 3277 1192 3341 si

179 3390 313 3456 abesset:
349 3391 431 3476 quod
467 3393 547 3458 enim
581 3393 614 3457 in
648 3393 746 3457 filium
780 3393 876 3457 fecere
910 3393 1104 3472 reformides,
1130 3394 1189 3460 hoo

178 3509 277 3574 multo
299 3511 402 3574 minus
425 3533 496 3596 erga
518 3518 657 3597 parentes
677 3512 858 3576 committas
893 3510 1038 3597 Ineptum
1054 3535 1126 3578 vero
1142 3522 1189 3579 est

179 3627 261 3712 quod
292 3627 412 3714 adjicit:
443 3630 467 3694 sl
497 3631 539 3708 μη
568 3629 637 3711 νότῳ
660 3628 882 3714 πονροοφροτύνης
906 3630 1078 3711 ἐχομένους,
1102 3633 1188 3716 quod

176 3747 317 3832 scriptori
343 3748 495 3832 suggessit
516 3748 643 3813 fortasse
666 3748 752 3813 locus
776 3748 814 3813 de
836 3747 930 3834 Legg.
955 3747 1020 3828 IX,
1048 3752 1110 3814 881
1141 3751 1187 3817 B:

177 3862 207 3937 ὃς
241 3864 277 3930 ἂν
306 3866 440 3949 τολμητη
468 3867 583 3948 τοντέρνο
614 3867 631 3940 ἢ
658 3868 770 3948 μητέροο
797 3867 813 3941 ἢ
839 3865 947 3932 τούτων
973 3870 1103 3950 τοιτὲροος
1136 3872 1187 3937 sal

178 3983 306 4063 μητέρος
339 3983 477 4062 τύττενν,
508 3985 550 4062 μη
577 3986 695 4060 μοννίοονς
727 3985 882 4066 ἐχόμενοςε
915 4007 1019 4050 verum
1050 4009 1121 4072 erge
1144 3988 1190 4053 in·

178 4101 328 4166 uenientes
364 4102 471 4169 nullus
506 4124 603 4166 sermo
637 4125 701 4167 esse
735 4111 836 4189 potest
870 4103 907 4168 de
942 4105 1005 4169 vite
1039 4105 1078 4169 sd
1112 4109 1188 4172 reeti
