2746 4950
655 372 716 431 235

226 577 383 641 Postremo
414 577 513 660 tangit
544 577 634 640 etiam
665 576 785 640 libellos
816 577 963 659 quosdam
994 575 1031 640 de
1055 575 1185 660 philoso-

181 695 287 779 phiae
307 696 454 780 Dionysio
478 695 590 773 editos,
615 717 691 779 quos
715 719 730 760 e
753 695 889 759 Platonis
912 694 1107 758 institutione
1130 693 1185 757 flu·

180 814 260 877 risse
283 813 358 877 falso
383 813 507 913 quidam
530 813 695 878 crederent.
742 814 860 877 Montio
885 814 943 877 hae
967 812 1004 876 de
1026 835 1059 876 re
1078 813 1113 875 lit
1128 811 1185 904 Ep.

180 933 263 1011 Vll,
288 957 317 1017 p.
342 935 405 997 341
430 933 474 996 B:
510 932 622 1013 ὕστερον
645 934 674 998 δὲ
697 934 746 997 καὶ
770 932 862 998 ἀκούω
889 933 1073 1014 γεγραφέναι
1100 931 1187 996 αὐτὸν

180 1051 244 1132 περὶ
275 1048 311 1117 ὧν
341 1052 403 1117 τότ’
435 1053 553 1130 ἤκουσε,
576 1050 713 1128 foediora
726 1054 768 1124 ’ὡς
792 1052 1011 1132 αὐτοῦ’τέχοην
1034 1051 1110 1116 οὐδὲν
1132 1058 1194 1115 τῶν

179 1173 277 1236 αὐτῶν
300 1168 335 1235 ὧν
362 1171 467 1236 ἀκούοι.
509 1170 594 1235 Dicit
623 1170 667 1235 ihi
690 1170 820 1249 librum,
845 1193 936 1254 quem
959 1171 1126 1255 Dionysius
1149 1168 1188 1232 de
1306 1191 1312 1199 ·

180 1290 375 1376 philosophia
406 1290 550 1354 edidisset
583 1297 729 1374 tanquam
761 1313 851 1354 suum
882 1312 976 1375 opus,
1012 1289 1090 1353 nihil
1124 1311 1188 1353 esse

180 1409 243 1473 nisi
265 1410 429 1488 παρααοὺο,
454 1409 588 1494 ineptam
612 1408 831 1493 expositionem
855 1432 956 1473 eorum
982 1431 1060 1493 quae
1083 1431 1099 1472 e
1121 1407 1190 1471 Pla·

180 1537 254 1591 tone
278 1527 452 1592 audivisset.
481 1527 591 1612 Itaque
614 1528 763 1613 seriptum
784 1528 878 1606 illud,
896 1527 1107 1611 qualecunque
1130 1525 1185 1604 sit,

180 1647 272 1732 plane
301 1655 495 1732 aspernatur:
519 1646 709 1731 ‚,Quisquis,
734 1647 825 1725 dicit,
851 1646 888 1712 de
910 1669 978 1710 mea
993 1645 1187 1732 philosophia

181 1765 306 1849 scripsit
335 1765 383 1830 vel
412 1765 581 1850 scripturus
605 1774 651 1830 est
674 1788 800 1849 eamque
823 1765 976 1849 cognitam
999 1771 1030 1829 et
1053 1787 1190 1850 perspec-

182 1892 245 1948 tam
288 1884 399 1949 habere
434 1885 493 1948 sibi
530 1885 667 1963 videtur,
705 1885 793 1948 illum
832 1885 880 1948 aio
915 1884 994 1948 nihil
1025 1906 1059 1947 ea
1089 1882 1127 1946 de
1157 1906 1190 1947 re

183 2025 290 2088 sapere
299 2002 327 2065 :''
361 2003 473 2068 τοσόνδε
506 2027 544 2081 γε
578 2006 636 2081 μὴν
669 2004 730 2084 περὶ
765 2002 880 2069 πάντων
907 2003 968 2084 ἔχω
992 2001 1111 2084 <briddam
1133 2005 1190 2066 τῶν

182 2120 380 2204 γεγραφότων
401 2120 451 2185 καὶ
474 2121 662 2204 γραψόντων,
687 2121 743 2186 ὅσα
766 2121 859 2203 φασὶν
875 2119 974 2208 εἰδέναι
994 2120 1057 2200 περὶ
1078 2115 1113 2183 ὧν
1133 2119 1190 2196 ἐγὼ

184 2239 354 2320 σπουδάζω,
368 2289 399 2306 ..
417 2240 533 2313 τούτους
551 2243 601 2305 οὐκ
619 2241 680 2306 ἔστι
699 2241 779 2306 κατα
800 2264 839 2316 γε
860 2243 913 2314 τὴν
931 2240 1003 2315 ἐμὴν
1024 2237 1109 2315 δόξαν
1129 2239 1191 2318 περὶ

184 2365 237 2425 τοῦ
261 2357 439 2438 πράγματος
461 2359 572 2424 ἐπαΐειν
594 2359 680 2425 οὐδέν.
715 2358 857 2423 Eundem
880 2358 1018 2423 libellum
1043 2356 1142 2440 tangit
1160 2355 1193 2418 in

184 2477 327 2562 Epistola
347 2475 416 2555 HI,
441 2500 470 2562 p.
496 2480 559 2541 316
583 2479 629 2556 Α,
654 2485 684 2542 et
705 2477 758 2555 ΙΙ,
783 2501 812 2562 p.
838 2479 902 2541 314
926 2477 970 2554 B,
995 2475 1049 2540 uhi
1066 2473 1193 2538 adDio·

184 2597 309 2683 nysinm
335 2575 461 2661 scribit:
484 2598 552 2678 πρὸς
575 2601 661 2662 ταῦτ’
683 2592 728 2662 οὖν
747 2602 859 2662 σκοπῶν
882 2595 1031 2673 εὐλαβοῦ,
1055 2596 1098 2671 μή
1124 2592 1194 2659 ποτέ
1257 2643 1259 2648 -

185 2740 231 2782 ror
253 2717 448 2797 μεταμελήσῃ
470 2721 525 2780 τῶν
548 2721 595 2781 νῦν
617 2715 740 2792 ἀναξίως
767 2717 952 2782 ἐκπεσόντων.

235 2954 320 3019 Haec
343 2954 505 3040 praecipua
528 2962 601 3018 sunt
625 2956 757 3039 quaein
780 2954 925 3039 Epistolis
941 2955 1079 3018 Platonis
1095 2954 1196 3018 defen·
1295 3003 1299 3012 .

188 3072 284 3137 dandi
321 3072 418 3157 gratia
446 3072 600 3137 dicuntur.
655 3072 688 3137 Si
718 3074 908 3158 quaerimus,
932 3074 1057 3158 quinam
1081 3073 1204 3141 fuerint,

189 3191 247 3277 qui
277 3190 454 3256 huiusmodi
483 3191 645 3256 maledicta
666 3192 699 3256 in
722 3192 882 3257 Platonem
905 3192 1104 3278 conjecerint,
1125 3192 1196 3254 isto-

189 3333 261 3375 rum
280 3332 342 3374 non
364 3333 461 3374 unum
479 3311 539 3374 fuit
561 3332 658 3396 genus
685 3300 933 3376 obtrectatorum.

235 3427 372 3493 Primum
395 3428 428 3493 in
450 3451 575 3494 censum
597 3429 727 3495 veniunt
748 3436 855 3515 poetae
879 3431 1002 3508 comici,
1026 3429 1080 3513 qui
1102 3429 1197 3494 veluti

190 3548 297 3612 innato
328 3547 398 3611 odio
429 3571 533 3613 omnes
560 3549 758 3634 philosophos
782 3550 934 3634 exagitare
957 3549 1112 3628 solebant,
1136 3571 1212 3613 non·

190 3658 318 3731 minime
348 3667 455 3731 offensi
486 3689 521 3731 eo
548 3668 632 3751 quod
653 3668 700 3732 illi
723 3691 741 3732 a
763 3669 894 3754 publicis
917 3669 1048 3753 negotiis
1071 3690 1104 3731 se
1125 3668 1199 3732 reei-

191 3785 310 3872 pientes
341 3785 441 3850 lorum
472 3769 502 3851 et
531 3786 686 3851 theatrum
712 3788 843 3852 vitarent
873 3795 904 3852 et
934 3787 966 3851 in
996 3786 1104 3850 umbra
1127 3786 1200 3851 deli-

191 3911 361 3983 tescerent,
386 3926 479 3989 quare
498 3907 782 3987 111μετεωοολέσχαι
799 3913 829 3971 et
843 3905 996 3990 lucifugae
1012 3904 1198 3970 deridentur.

184 4014 245 4088 ¹Ita
272 4023 363 4088 multi
385 4023 544 4089 Platonem
568 4047 690 4109 quoque
713 4026 846 4089 riserunt
871 4032 908 4089 ut
931 4024 1113 4111 superbum,
1138 4048 1201 4090 mo·

193 4165 317 4224 rosum,
340 4143 444 4208 inania
466 4150 686 4233 aucupantem,
704 4145 779 4231 quin
802 4144 892 4208 etiam
914 4143 1111 4212 domesticam
1134 4145 1199 4231 ejus
