2746 4950
666 345 705 409 ⁷5

182 552 272 616 effata
302 552 372 629 illa,
403 553 468 636 ipse
495 552 597 636 potius
621 550 805 615 deridendus
829 558 952 637 propter
974 551 1189 617 dementiam.”

182 670 262 734 Dein
285 691 339 755 pro
362 669 402 733 τά
424 670 578 750 ἀφροδίσια
598 691 690 753 quam
704 669 829 759 *tumida
844 670 1075 735 circumlocutio
1090 672 1192 752 ἀνδρα·

181 788 306 860 ποδοίδκς
321 787 370 852 καί
386 787 547 868 ἀχάριστος
564 788 661 864 ήδονής
678 786 761 871 quod
778 786 864 851 addit
873 788 1034 868 ἀφροδίσιος
1046 790 1189 867 λεγομένη

181 909 231 971 οὐκ
252 907 348 987 ὀρθῶς,
372 913 418 970 est
440 905 539 990 lepide
562 904 680 970 dictum
701 906 800 969 nostri
823 906 995 991 scriptoris,
1017 906 1105 971 Plato
1120 930 1191 972 nus·

182 1050 274 1111 quam
300 1025 419 1110 vulgari
445 1026 547 1090 veneri
570 1025 740 1106 Ἀφροδίτης
767 1047 878 1090 nomen
901 1025 1043 1110 negavit,
1067 1026 1129 1091 imo
1153 1027 1191 1092 de

181 1145 256 1231 Rep.
281 1143 350 1222 III,
367 1146 431 1208 403
448 1146 494 1221 A,
511 1143 675 1228 distinguit
689 1145 769 1208 inter
783 1143 832 1208 τίν
851 1144 923 1225 ἀρίάν
942 1143 1033 1225 έρωτα
1048 1152 1080 1209 et
1095 1146 1190 1220 ήδονήν

181 1265 233 1337 τήν
252 1264 315 1343 περὶ
335 1262 521 1343 τάφροδίσια,
538 1285 650 1345 purum
669 1285 791 1326 amorem
806 1270 837 1327 et
851 1265 1005 1345 ουίρατοοι.
1034 1262 1188 1348 Denique,

180 1404 219 1446 ue
240 1382 314 1466 quid
332 1380 568 1466 praetermisisse
587 1380 739 1459 videatur,
763 1381 850 1445 addit
868 1382 901 1446 τὸ
919 1383 966 1459 μή
982 1382 1188 1466 πίμπλασθαι,

180 1521 297 1564 memor
318 1499 463 1563 nimirum
486 1520 591 1564 eorum
614 1521 691 1583 quae
713 1499 746 1563 iu
769 1498 884 1584 Gorgia
905 1499 1060 1584 leguntur,
1078 1523 1108 1586 p.
1123 1502 1187 1564 493

181 1618 208 1682 Ε
238 1640 300 1703 sq.,
335 1617 390 1683 ubi
419 1617 483 1681 vita
512 1617 684 1701 voluptaria
713 1624 841 1681 vocatur
870 1618 883 1682 ὃ
913 1619 1073 1693 ἀπλήστως
1103 1619 1190 1684 καὶο·

181 1736 352 1810 ἀκολάστως
383 1736 459 1818 ἔχων
489 1736 570 1814 βίος,
604 1743 634 1800 et
664 1736 733 1800 talis
763 1737 882 1802 animus
906 1746 1099 1823 eomparatur
1121 1761 1192 1803 oum

182 1856 266 1920 dolio
300 1855 468 1941 perforato,
503 1854 587 1940 quod
621 1855 689 1939 quis
724 1861 850 1939 cogatur
877 1856 923 1920 ἀεὶ
954 1857 1004 1920 καί
1027 1857 1119 1922 νιίκτα
1142 1858 1192 1922 καί

182 1974 290 2055 ἡμέραν
318 1973 499 2052 πιμπλάναι.
544 1973 690 2039 Similiter
720 1974 753 2038 in
780 1973 838 2059 Ep.
870 1973 967 2052 VIII,
999 1999 1029 2060 p.
1061 1977 1126 2040 354
1151 1975 1192 2055 O,

181 2094 321 2179 voluptas
359 2101 485 2158 vocatur
517 2093 726 2172 εὖδκιμάνισμα
758 2094 918 2170 ἀπλήστως
952 2095 1108 2161 πεινώντων
1143 2096 1191 2160 ἀν-

180 2213 305 2294 ίράπωυ.
464 2190 469 2203 ’

228 2330 321 2396 Haud
348 2330 496 2394 lucidiora
525 2337 599 2394 sunt
626 2351 704 2414 quae
727 2337 914 2413 sequuntur:
940 2330 1053 2413 τυφλὸς
1080 2333 1188 2398 ὤνκαὶ

181 2453 240 2530 οὐχ
254 2450 319 2531 ἀρῶν
335 2443 386 2521 οἷς
400 2448 591 2525 ξυνέπεται
605 2455 661 2513 τῶν
677 2452 862 2529 πραγμάτων
878 2449 955 2533 (aliiz
972 2449 1190 2537 ἀρπαγμάτων)

182 2567 408 2647 ἀνοσιουργία
430 2569 491 2632 κτὲ.
515 2566 667 2652 Intelligit
682 2576 785 2632 autem
799 2590 862 2632 non
879 2591 914 2633 ea
931 2563 1009 2653 qliae
1025 2571 1188 2635 comitatur

182 2685 375 2771 improbitas,
400 2686 453 2750 sed
476 2707 553 2770 quae
573 2686 798 2770 improbitatem
814 2687 1007 2766 comitantum
1032 2687 1101 2752 ideo
1117 2689 1188 2753 scri·

182 2803 318 2870 bendum
340 2804 446 2869 oredo:
471 2799 517 2869 οία
538 2803 692 2881 ξυνέπεται
715 2811 770 2870 τῶν
790 2805 978 2887 πραγμάτων
992 2807 1153 2887 ἀνοσιουρνί
1179 2858 1188 2891 ,

183 2923 295 3008 quibus
313 2924 411 2988 verbis
429 2924 639 3010 explicationis
654 2925 752 3009 gratia
764 2925 929 3010 apponitur
940 2925 1013 2990 hoo:
1031 2925 1119 2990 κακὸν
1130 2927 1190 3003 ήλί-

182 3069 230 3108 κον
246 3042 292 3108 ἀεί
309 3042 485 3128 (ξυνέπεται)
496 3046 563 3122 μετ’
574 3044 752 3123 ἀδικήματος
764 3044 903 3109 ἒκάστουι
920 3067 1021 3129 „quae
1032 3045 1189 3110 molestiae

183 3163 368 3228 comitentur
404 3163 645 3248 improbitatem,
674 3171 824 3248 quantum
851 3163 967 3229 malum
990 3165 1189 3251 conjunctum

167 3283 224 3379 ³st
253 3305 324 3347 cum
347 3304 470 3366 quoque
492 3282 671 3347 maleficio?
695 3283 784 3393 χΗοο
807 3291 910 3348 autem
933 3284 1023 3368 quale
1045 3285 1103 3363 sit,
1131 3285 1189 3370 sig·

183 3401 325 3465 nificatur
347 3400 560 3485 sequentibus:
584 3398 617 3474 ήν
636 3401 854 3486 (ἀνοσιουργίαυ)
872 3403 1033 3480 ἀναγκαῖον
1051 3406 1092 3484 τῷ
1112 3403 1187 3469 ἀδικ.

183 3519 414 3598 συνεφέλκειν
431 3519 481 3584 ἐπί
494 3543 529 3583 τε
545 3529 586 3600 νή
602 3520 786 3601 στρεφομένῳ
800 3521 849 3586 καί
867 3521 922 3585 ὑπὸ
933 3530 990 3598 γῆς
1002 3523 1187 3597 νοστήσαντα

183 3638 320 3723 „quippe
343 3659 440 3721 quum
461 3660 582 3702 ueoesse
605 3639 645 3702 sit
667 3639 815 3724 injustum
832 3662 949 3724 semper
963 3639 1188 3724 improbitatem

186 3755 269 3820 velut
291 3778 369 3822 onus
392 3778 494 3820 seeum
516 3756 636 3821 trahere
655 3757 734 3822 etin
750 3757 806 3821 hac
823 3757 885 3821 vita
900 3765 931 3822 et
946 3765 1015 3843 post
1030 3760 1189 3824 mortem.’'

183 3873 285 3939 Etiam
308 3874 365 3938 hoo
388 3874 515 3940 verbum
537 3883 673 3940 sumtum
693 3898 713 3939 e
735 3875 908 3941 Phaedonis
930 3877 998 3941 looo
1018 3876 1108 3941 modo
1123 3877 1188 3941 lau·

185 3994 271 4072 dato,
293 3993 400 4059 ubido
417 3994 518 4060 animo
531 3994 749 4080 justidioitur,
770 4019 800 4080 p.
819 3998 860 4059 80
877 3994 918 4059 E:
942 3996 992 4061 ε’ἀν
1008 3996 1060 4074 μὲν
1075 3998 1189 4076 καίαρά

185 4113 435 4189 ἀπαλλάττήται,
451 4113 539 4191 μηδὲν
554 4119 604 4180 τοῦ
619 4115 753 4193 σώματος
773 4116 1058 4197 τυνεφέλκουσα.
1086 4114 1188 4179 Etiam
