2746 4950
663 323 725 382 209

183 531 285 594 limem
322 537 449 594 naturae
477 528 596 594 divinae
627 530 783 594 notionem
814 532 937 596 subesse
964 533 1189 599 existimarunt.

105 646 108 651 ⁴
181 650 323 715 lustinus
354 650 488 736 Martyr,
520 649 611 735 Apol.
642 649 677 729 I,
711 653 770 730 60,
801 651 835 716 τὸ
865 652 991 732 δεύτερον
1021 655 1191 738 significare

182 771 249 835 vult
278 768 431 848 Verbum,
462 769 495 835 τὸ
517 769 609 849 τρίτον
632 769 781 855 Spiritum
788 797 797 849 3
822 771 875 835 alii
901 771 998 837 aliter.
1023 773 1105 839 Hinc
1129 775 1193 839 fue·

181 899 254 953 runt
277 890 329 974 qui
345 889 423 953 hanc
439 889 598 973 epistolam
613 911 631 952 a
647 888 821 954 Christiano
838 891 962 956 homine
979 895 1192 960 concinnatam

153 1048 156 1052 ·
181 1015 237 1077 aut
257 1008 472 1093 interpolatam
497 1008 700 1072 crediderunt.
748 1009 811 1073 Alii
834 1020 944 1075 contra
967 1035 983 1076 e
1005 1011 1191 1078 ludaeorum

181 1128 284 1191 schola
307 1126 514 1192 Alexandrina
541 1127 599 1191 boc
623 1128 770 1213 placitum
794 1128 965 1194 derivatum
990 1153 1053 1195 esse
1075 1133 1193 1218 opinati

181 1253 262 1310 sunt.
301 1245 399 1310 Locos
422 1253 485 1311 tam
507 1253 643 1311 veterum
667 1269 759 1330 quam
781 1249 984 1313 recentiorum
1008 1252 1061 1334 qui
1078 1251 1116 1314 de
1131 1252 1191 1316 hoc

181 1373 323 1449 egerunt,
346 1365 441 1429 citant
463 1367 536 1443 Ast,
560 1365 694 1429 Platon's
718 1365 791 1430 Leb.
821 1390 852 1431 u.
877 1367 962 1432 Schr.
982 1393 1011 1454 p.
1031 1371 1093 1432 510
1107 1378 1190 1450 not,

181 1481 355 1561 Hermann,
379 1482 457 1546 libro
480 1482 563 1546 laud.
588 1506 617 1567 p.
643 1487 705 1546 593
722 1492 786 1547 not.
805 1487 885 1563 223,
911 1494 941 1549 et
964 1487 1084 1570 plenius
1110 1488 1192 1552 Wie-

180 1603 275 1686 gand,
300 1602 402 1688 Symb,
427 1601 502 1667 Crit.
528 1603 566 1666 ad
590 1603 709 1668 Platon.
734 1604 791 1689 Ep.
817 1604 869 1682 II,
893 1628 922 1690 p.
952 1607 990 1668 18
1016 1629 1080 1691 sqq.
1142 1576 1144 1580 Α

224 1721 256 1785 Si
283 1737 383 1786 tamen
406 1722 473 1806 ipsa
499 1722 587 1787 verba
611 1730 797 1807 spectamus,
821 1745 1015 1809 nequaquam
1039 1727 1137 1810 liquet
1159 1728 1191 1791 τὸ

118 1901 121 1908 .
181 1843 307 1923 δεύτερον
338 1851 367 1905 et
397 1843 429 1907 τὸ
460 1841 551 1921 τρίτον
575 1864 669 1926 aeque
701 1850 792 1926 atque
818 1842 896 1907 illud
919 1844 1002 1927 quod
1027 1845 1060 1909 τὸ
1084 1851 1191 1924 πρῶτον

180 1961 318 2025 nominat
349 1960 386 2023 ad
419 1960 468 2024 dei
490 1966 630 2024 naturam
655 1961 770 2026 referri.
805 1961 890 2025 Dicit
913 1985 945 2026 se
968 1962 1190 2048 explicaturum

181 2083 242 2158 περὶ
270 2089 323 2154 τῆς
347 2083 396 2144 τοῦ
422 2079 531 2158 πρώτου
560 2080 692 2160 pterea:
717 2079 880 2156 τὸπρῶτον
904 2080 962 2144 hoc
978 2081 1111 2145 declarat
1127 2103 1191 2169 esse

181 2198 228 2262 τὸν
267 2198 383 2262 revees
420 2198 551 2275 βοοτολέοο
589 2199 638 2262 nai
677 2197 765 2263 οοῖτοοο
806 2199 942 2264 ἁπάντων
983 2207 1039 2264 τῶν
1074 2181 1187 2264 anabi:

182 2315 291 2381 deinde
319 2316 391 2379 huic
422 2324 566 2400 tanquam
599 2317 742 2398 inferiora
766 2316 926 2402 subjungit
948 2317 981 2383 τὸ
1007 2318 1133 2400 δεύτερον
1161 2327 1191 2383 et
1246 2375 1250 2382 .

181 2436 213 2500 τὸ
243 2434 354 2539 τοίτοο,
390 2456 466 2518 quae
497 2435 557 2498 tria
587 2435 679 2498 simul
710 2435 875 2499 conficiunt
898 2458 933 2499 ea
956 2458 1034 2521 quae
1061 2438 1093 2501 in
1120 2437 1191 2522 Epi·

182 2555 260 2617 stola
290 2553 355 2617 VII
384 2556 425 2640 (p.
451 2558 515 2618 344
539 2553 579 2638 D)
610 2555 651 2619 rel
681 2554 743 2634 περὶ
775 2556 890 2634 φύσεως
915 2553 992 2635 alapa
1014 2558 1064 2620 κοοὶ
1089 2563 1189 2636 πρῶτοι

181 2673 383 2758 appellantur.
429 2672 498 2737 Jam
529 2674 561 2736 in
592 2673 639 2736 his
671 2673 769 2737 tribus
801 2673 879 2737 nihil
909 2673 1064 2757 estquod
1087 2697 1191 2739 nona

180 2790 307 2855 Platone
332 2791 500 2855 derivatum
524 2791 653 2856 videtur.
690 2791 852 2876 scriptoris
875 2793 971 2856 menti
996 2791 1189 2857 obversatum

181 2936 244 2977 esse
276 2913 365 2976 credo
397 2912 499 2977 locum
530 2913 612 2976 bunc
642 2911 719 2976 Tim.
751 2935 781 2996 p.
807 2915 847 2974 52
873 2914 917 2975 A:
942 2912 1132 2989 ὁμολογητέον
1155 2910 1190 2976 ἓν

181 3034 234 3110 μὲν
268 3029 337 3096 eluar
368 3037 399 3097 το
434 3033 515 3098 κοοτοὶ
540 3032 627 3096 ταῦτ’
651 3030 719 3111 ἔχον
744 3027 833 3108 εἶδος,
861 3031 1016 3107 &perturb
1044 3030 1093 3095 uel
1121 3031 1190 3095 οἰνώ-

180 3153 347 3231 λεθροο,...
378 3151 411 3215 τὸ
434 3150 458 3213 δ’
474 3150 619 3228 ὁμώνυμον
642 3148 734 3227 ὅμοιόν
758 3152 785 3213 τ’
801 3148 893 3228 ἐκείνῳ
916 3148 1094 3230 δεύτερον,
1126 3172 1191 3224 yru-

180 3271 331 3349 οητον,...
357 3270 474 3350 τρίτον
497 3269 520 3332 δ’
536 3266 574 3333 οὗ
596 3269 676 3345 γένος
700 3268 728 3332 ὃν
750 3267 783 3332 τὸ
805 3276 858 3342 τῆς
878 3268 977 3348 zebeae
993 3268 1053 3350 alal,
1078 3268 1185 3348 Φθοροὶο

180 3391 217 3455 οὐ,
234 3387 474 3469 προσδεχόμενον,
499 3403 566 3452 κτλ.
613 3386 674 3451 Hic
709 3409 726 3450 a
749 3385 877 3450 Platone
899 3387 959 3449 tria
982 3386 1056 3449 haec
1079 3385 1190 3450 discer-

180 3512 313 3570 nuntur:
349 3507 481 3592 primum
507 3508 540 3571 τὸ
573 3507 686 3582 νοητὸν,
719 3505 772 3589 qui
802 3513 849 3568 est
876 3504 1009 3568 mundus
1033 3503 1188 3580 idearum,

180 3625 348 3688 secundum
370 3626 403 3690 τὸ
420 3625 566 3706 uictricis,
590 3624 722 3688 mundus
745 3623 937 3708 aspectabilis
954 3622 992 3686 ad
1007 3621 1090 3686 illius
1107 3623 1187 3686 simi·

179 3744 339 3808 litudinem
357 3744 579 3822 conformatus,
603 3744 727 3808 tertium
751 3743 877 3807 materia
893 3743 1076 3826 generatim,
1095 3765 1186 3826 quam

180 3870 267 3926 vocat
298 3863 412 3943 μητέρα
441 3863 550 3934 παντὸς
578 3863 712 3935 αἰσθητοῦ
743 3863 783 3946 (p.
809 3863 849 3923 52
874 3860 932 3945 D),
958 3861 1040 3945 quod
1066 3860 1189 3944 quidem

181 3979 315 4045 medium
345 3982 468 4066 ponitur
499 3981 578 4044 inter
608 3980 694 4056 noaret
725 3986 756 4043 et
786 3979 919 4055 αἰσθητοὶ.
967 3977 1058 4058 Quod
1088 3988 1189 4042 autem

122 4162 123 4165 ,
182 4098 268 4163 Plato
292 4099 335 4164 ibi
347 4100 478 4184 primum
503 4100 608 4184 ponit,
633 4102 664 4164 τὸ
688 4098 799 4174 νοητὸν,
814 4120 868 4182 pro
881 4097 938 4160 hoc
951 4097 1082 4182 epistola
1095 4098 1186 4162 habet

1033 4217 1092 4274 14,
