<?xml version="1.0" encoding="UTF-8"?>
<!DOCTYPE html PUBLIC "-//W3C//DTD XHTML 1.0 Transitional//EN"
    "http://www.w3.org/TR/xhtml1/DTD/xhtml1-transitional.dtd">
<html xmlns="http://www.w3.org/1999/xhtml" xml:lang="en" lang="en">
 <head>
  <title>
</title>
<meta http-equiv="Content-Type" content="text/html;charset=utf-8" />
  <meta name='ocr-system' content='tesseract 3.04.00' />
  <meta name='ocr-capabilities' content='ocr_page ocr_carea ocr_par ocr_line ocrx_word'/>
</head>
<body>
  <div class='ocr_page' id='page_1' title='image "./commentatiocrit00karsgoog_0226.png"; bbox 0 0 2746 4950; ppageno 0'>
   <div class='ocr_carea' id='block_1_1' title="bbox 653 367 714 430">
    <p class='ocr_par' dir='ltr' id='par_1_1' title="bbox 653 367 714 430">
     <span class='ocr_line' id='line_1_1' title="bbox 653 367 714 430; baseline 0.049 -4"><span class='ocrx_word' id='word_1_1' title='bbox 653 367 714 430; x_wconf 80' lang='lat'>187</span> 
     </span>
    </p>
   </div>
   <div class='ocr_carea' id='block_1_2' title="bbox 178 574 1187 1847">
    <p class='ocr_par' dir='ltr' id='par_1_2' title="bbox 178 574 1187 1847">
     <span class='ocr_line' id='line_1_2' title="bbox 183 574 1187 660; baseline 0.002 -23"><span class='ocrx_word' id='word_1_2' title='bbox 183 574 345 660; x_wconf 89' lang='lat' dir='ltr'>quodque,</span> <span class='ocrx_word' id='word_1_3' title='bbox 371 574 452 658; x_wconf 91' lang='lat' dir='ltr'>quod</span> <span class='ocrx_word' id='word_1_4' title='bbox 476 575 577 637; x_wconf 90' lang='lat' dir='ltr'>auimo</span> <span class='ocrx_word' id='word_1_5' title='bbox 600 574 741 651; x_wconf 85' lang='lat' dir='ltr'>offertur,</span> <span class='ocrx_word' id='word_1_6' title='bbox 767 575 940 659; x_wconf 74' lang='lat' dir='ltr'>exploretur</span> <span class='ocrx_word' id='word_1_7' title='bbox 961 582 993 637; x_wconf 83' lang='lat' dir='ltr'>et</span> <span class='ocrx_word' id='word_1_8' title='bbox 1016 574 1133 637; x_wconf 89' lang='lat' dir='ltr'>ratione</span> <span class='ocrx_word' id='word_1_9' title='bbox 1157 580 1187 639; x_wconf 76' lang='lat' dir='ltr'>a</span> 
     </span>
     <span class='ocr_line' id='line_1_3' title="bbox 182 691 1186 778; baseline -0.003 -22"><span class='ocrx_word' id='word_1_10' title='bbox 182 715 236 778; x_wconf 87' lang='lat' dir='ltr'>per</span> <span class='ocrx_word' id='word_1_11' title='bbox 262 715 362 756; x_wconf 90' lang='lat' dir='ltr'>rerum</span> <span class='ocrx_word' id='word_1_12' title='bbox 394 693 610 778; x_wconf 80' lang='lat' dir='ltr'>experientiam</span> <span class='ocrx_word' id='word_1_13' title='bbox 641 693 797 769; x_wconf 85' lang='lat' dir='ltr'>sensibus,</span> <span class='ocrx_word' id='word_1_14' title='bbox 830 693 980 776; x_wconf 90' lang='lat' dir='ltr'>quidquid</span> <span class='ocrx_word' id='word_1_15' title='bbox 1004 692 1116 756; x_wconf 92' lang='lat' dir='ltr'>dicitur</span> <span class='ocrx_word' id='word_1_16' title='bbox 1138 691 1186 754; x_wconf 89' lang='lat' dir='ltr'>vel</span> 
     </span>
     <span class='ocr_line' id='line_1_4' title="bbox 181 811 1187 897; baseline -0.002 -22"><span class='ocrx_word' id='word_1_17' title='bbox 181 812 354 876; x_wconf 72' lang='lat' dir='ltr'>ostenditur</span> <span class='ocrx_word' id='word_1_18' title='bbox 376 812 463 875; x_wconf 83' lang='lat' dir='ltr'>facile</span> <span class='ocrx_word' id='word_1_19' title='bbox 486 811 730 896; x_wconf 84' lang='lat' dir='ltr'>redarguendum</span> <span class='ocrx_word' id='word_1_20' title='bbox 754 834 785 875; x_wconf 90' lang='lat' dir='ltr'>se</span> <span class='ocrx_word' id='word_1_21' title='bbox 809 813 946 897; x_wconf 88' lang='lat' dir='ltr'>praebet,</span> <span class='ocrx_word' id='word_1_22' title='bbox 971 834 1067 896; x_wconf 90' lang='lat' dir='ltr'>eoque</span> <span class='ocrx_word' id='word_1_23' title='bbox 1084 833 1187 874; x_wconf 90' lang='lat' dir='ltr'>omues</span> 
     </span>
     <span class='ocr_line' id='line_1_5' title="bbox 181 931 1185 1016; baseline 0 -22"><span class='ocrx_word' id='word_1_24' title='bbox 181 932 281 1008; x_wconf 88' lang='lat' dir='ltr'>omui,</span> <span class='ocrx_word' id='word_1_25' title='bbox 316 938 352 994; x_wconf 92' lang='lat' dir='ltr'>ut</span> <span class='ocrx_word' id='word_1_26' title='bbox 378 932 422 995; x_wconf 92' lang='lat' dir='ltr'>ita</span> <span class='ocrx_word' id='word_1_27' title='bbox 444 931 561 1009; x_wconf 89' lang='lat' dir='ltr'>dicam,</span> <span class='ocrx_word' id='word_1_28' title='bbox 586 931 786 1016; x_wconf 83' lang='lat' dir='ltr'>ambiguitate</span> <span class='ocrx_word' id='word_1_29' title='bbox 810 939 839 995; x_wconf 90' lang='lat' dir='ltr'>et</span> <span class='ocrx_word' id='word_1_30' title='bbox 862 931 1046 996; x_wconf 85' lang='lat' dir='ltr'>obscuritate</span> <span class='ocrx_word' id='word_1_31' title='bbox 1069 931 1185 1016; x_wconf 89' lang='lat' dir='ltr'>implet.</span> 
     </span>
     <span class='ocr_line' id='line_1_6' title="bbox 180 1050 1187 1136; baseline -0.001 -22"><span class='ocrx_word' id='word_1_32' title='bbox 180 1050 218 1124; x_wconf 86' lang='lat' dir='ltr'>Iu</span> <span class='ocrx_word' id='word_1_33' title='bbox 249 1051 362 1134; x_wconf 92' lang='lat' dir='ltr'>quibus</span> <span class='ocrx_word' id='word_1_34' title='bbox 386 1051 481 1135; x_wconf 83' lang='lat' dir='ltr'>igitur</span> <span class='ocrx_word' id='word_1_35' title='bbox 503 1074 565 1114; x_wconf 90' lang='lat' dir='ltr'>nou</span> <span class='ocrx_word' id='word_1_36' title='bbox 588 1052 703 1115; x_wconf 90' lang='lat' dir='ltr'>assueti</span> <span class='ocrx_word' id='word_1_37' title='bbox 726 1074 833 1115; x_wconf 90' lang='lat' dir='ltr'>sumus</span> <span class='ocrx_word' id='word_1_38' title='bbox 857 1051 895 1115; x_wconf 94' lang='lat' dir='ltr'>ob</span> <span class='ocrx_word' id='word_1_39' title='bbox 919 1067 1041 1136; x_wconf 86' lang='lat' dir='ltr'>pravam</span> <span class='ocrx_word' id='word_1_40' title='bbox 1065 1051 1187 1114; x_wconf 84' lang='lat' dir='ltr'>institu-</span> 
     </span>
     <span class='ocr_line' id='line_1_7' title="bbox 178 1169 1185 1255; baseline 0 -23"><span class='ocrx_word' id='word_1_41' title='bbox 178 1170 292 1234; x_wconf 90' lang='lat' dir='ltr'>tionem</span> <span class='ocrx_word' id='word_1_42' title='bbox 323 1193 427 1234; x_wconf 88' lang='lat' dir='ltr'>verum</span> <span class='ocrx_word' id='word_1_43' title='bbox 459 1170 657 1255; x_wconf 86' lang='lat' dir='ltr'>investigare,</span> <span class='ocrx_word' id='word_1_44' title='bbox 682 1171 735 1234; x_wconf 93' lang='lat' dir='ltr'>sed</span> <span class='ocrx_word' id='word_1_45' title='bbox 759 1171 868 1235; x_wconf 90' lang='lat' dir='ltr'>oblatis</span> <span class='ocrx_word' id='word_1_46' title='bbox 892 1193 993 1234; x_wconf 91' lang='lat' dir='ltr'>rerum</span> <span class='ocrx_word' id='word_1_47' title='bbox 1017 1169 1185 1234; x_wconf 84' lang='lat' dir='ltr'>simulacris</span> 
     </span>
     <span class='ocr_line' id='line_1_8' title="bbox 179 1288 1184 1373; baseline 0 -21"><span class='ocrx_word' id='word_1_48' title='bbox 179 1289 314 1352; x_wconf 89' lang='lat' dir='ltr'>contenti</span> <span class='ocrx_word' id='word_1_49' title='bbox 338 1311 461 1366; x_wconf 81' lang='lat' dir='ltr'>sumne,</span> <span class='ocrx_word' id='word_1_50' title='bbox 484 1288 571 1353; x_wconf 89' lang='lat' dir='ltr'>facile</span> <span class='ocrx_word' id='word_1_51' title='bbox 594 1288 787 1353; x_wconf 90' lang='lat' dir='ltr'>ludificamur</span> <span class='ocrx_word' id='word_1_52' title='bbox 809 1290 938 1354; x_wconf 90' lang='lat' dir='ltr'>invicem</span> <span class='ocrx_word' id='word_1_53' title='bbox 953 1289 1130 1373; x_wconf 86' lang='lat' dir='ltr'>interrogati</span> <span class='ocrx_word' id='word_1_54' title='bbox 1147 1288 1184 1352; x_wconf 90' lang='lat' dir='ltr'>ab</span> 
     </span>
     <span class='ocr_line' id='line_1_9' title="bbox 180 1406 1187 1491; baseline 0 -22"><span class='ocrx_word' id='word_1_55' title='bbox 180 1406 457 1491; x_wconf 87' lang='lat' dir='ltr'>interrogantibus,</span> <span class='ocrx_word' id='word_1_56' title='bbox 490 1407 603 1489; x_wconf 91' lang='lat' dir='ltr'>quibus</span> <span class='ocrx_word' id='word_1_57' title='bbox 634 1407 763 1472; x_wconf 81' lang='lat' dir='ltr'>facultas</span> <span class='ocrx_word' id='word_1_58' title='bbox 794 1409 834 1471; x_wconf 85' lang='lat' dir='ltr'>sit</span> <span class='ocrx_word' id='word_1_59' title='bbox 857 1415 989 1491; x_wconf 88' lang='lat' dir='ltr'>quatuor</span> <span class='ocrx_word' id='word_1_60' title='bbox 1011 1407 1065 1470; x_wconf 90' lang='lat' dir='ltr'>illa</span> <span class='ocrx_word' id='word_1_61' title='bbox 1088 1406 1187 1471; x_wconf 89' lang='lat' dir='ltr'>discu-</span> 
     </span>
     <span class='ocr_line' id='line_1_10' title="bbox 180 1525 1186 1611; baseline 0 -22"><span class='ocrx_word' id='word_1_62' title='bbox 180 1525 278 1589; x_wconf 88' lang='lat' dir='ltr'>tiendi</span> <span class='ocrx_word' id='word_1_63' title='bbox 309 1532 339 1588; x_wconf 90' lang='lat' dir='ltr'>et</span> <span class='ocrx_word' id='word_1_64' title='bbox 370 1525 527 1609; x_wconf 83' lang='lat' dir='ltr'>arguendi.</span> <span class='ocrx_word' id='word_1_65' title='bbox 574 1526 638 1590; x_wconf 90' lang='lat' dir='ltr'>Ubi</span> <span class='ocrx_word' id='word_1_66' title='bbox 660 1549 730 1590; x_wconf 90' lang='lat' dir='ltr'>vero</span> <span class='ocrx_word' id='word_1_67' title='bbox 753 1527 786 1590; x_wconf 89' lang='lat' dir='ltr'>in</span> <span class='ocrx_word' id='word_1_68' title='bbox 809 1525 1020 1611; x_wconf 91' lang='lat' dir='ltr'>respondendo</span> <span class='ocrx_word' id='word_1_69' title='bbox 1044 1527 1186 1609; x_wconf 85' lang='lat' dir='ltr'>quintum</span> 
     </span>
     <span class='ocr_line' id='line_1_11' title="bbox 181 1643 1186 1731; baseline -0.001 -23"><span class='ocrx_word' id='word_1_70' title='bbox 181 1644 260 1708; x_wconf 92' lang='lat' dir='ltr'>illud</span> <span class='ocrx_word' id='word_1_71' title='bbox 283 1643 434 1728; x_wconf 85' lang='lat' dir='ltr'>explicare</span> <span class='ocrx_word' id='word_1_72' title='bbox 455 1666 578 1708; x_wconf 82' lang='lat' dir='ltr'>necesse</span> <span class='ocrx_word' id='word_1_73' title='bbox 602 1651 663 1723; x_wconf 85' lang='lat' dir='ltr'>est,</span> <span class='ocrx_word' id='word_1_74' title='bbox 689 1647 874 1729; x_wconf 84' lang='lat' dir='ltr'>quicumque</span> <span class='ocrx_word' id='word_1_75' title='bbox 897 1645 1087 1731; x_wconf 88' lang='lat' dir='ltr'>disceptandi</span> <span class='ocrx_word' id='word_1_76' title='bbox 1110 1644 1186 1730; x_wconf 90' lang='lat' dir='ltr'>peri-</span> 
     </span>
     <span class='ocr_line' id='line_1_12' title="bbox 180 1762 1187 1847; baseline -0.002 -20"><span class='ocrx_word' id='word_1_77' title='bbox 180 1771 232 1827; x_wconf 85' lang='lat' dir='ltr'>tus</span> <span class='ocrx_word' id='word_1_78' title='bbox 264 1762 498 1847; x_wconf 88' lang='lat' dir='ltr'>[adversarium]</span> <span class='ocrx_word' id='word_1_79' title='bbox 531 1763 704 1827; x_wconf 88' lang='lat' dir='ltr'>subvertere</span> <span class='ocrx_word' id='word_1_80' title='bbox 735 1762 825 1840; x_wconf 81' lang='lat' dir='ltr'>velit,</span> <span class='ocrx_word' id='word_1_81' title='bbox 856 1763 952 1827; x_wconf 87' lang='lat' dir='ltr'>vincit</span> <span class='ocrx_word' id='word_1_82' title='bbox 975 1763 1126 1847; x_wconf 86' lang='lat' dir='ltr'>efficitque</span> <span class='ocrx_word' id='word_1_83' title='bbox 1151 1771 1187 1826; x_wconf 90' lang='lat' dir='ltr'>ut</span> 
     </span>
    </p>
   </div>
   <div class='ocr_carea' id='block_1_3' title="bbox 182 1880 1186 1973">
    <p class='ocr_par' dir='ltr' id='par_1_3' title="bbox 182 1880 1186 1973">
     <span class='ocr_line' id='line_1_13' title="bbox 182 1880 1186 1973; baseline 0.001 -29"><span class='ocrx_word' id='word_1_84' title='bbox 182 1882 226 1959; x_wconf 89' lang='lat' dir='ltr'>is,</span> <span class='ocrx_word' id='word_1_85' title='bbox 250 1881 304 1965; x_wconf 91' lang='lat' dir='ltr'>qui</span> <span class='ocrx_word' id='word_1_86' title='bbox 328 1881 463 1973; x_wconf 86' lang='lat' dir='ltr'>oratione</span> <span class='ocrx_word' id='word_1_87' title='bbox 486 1880 533 1944; x_wconf 86' lang='lat' dir='ltr'>vel</span> <span class='ocrx_word' id='word_1_88' title='bbox 556 1881 653 1945; x_wconf 90' lang='lat' dir='ltr'>literis</span> <span class='ocrx_word' id='word_1_89' title='bbox 677 1882 723 1946; x_wconf 90' lang='lat' dir='ltr'>vel</span> <span class='ocrx_word' id='word_1_90' title='bbox 747 1883 941 1967; x_wconf 89' lang='lat' dir='ltr'>responsione</span> <span class='ocrx_word' id='word_1_91' title='bbox 957 1905 1019 1947; x_wconf 90' lang='lat' dir='ltr'>rem</span> <span class='ocrx_word' id='word_1_92' title='bbox 1036 1882 1186 1967; x_wconf 82' lang='lat' dir='ltr'>explicare</span> 
     </span>
    </p>
   </div>
   <div class='ocr_carea' id='block_1_4' title="bbox 105 1999 1187 3394">
    <p class='ocr_par' dir='ltr' id='par_1_4' title="bbox 105 1999 1187 3394">
     <span class='ocr_line' id='line_1_14' title="bbox 105 1999 1187 2084; baseline 0.001 -23"><span class='ocrx_word' id='word_1_93' title='bbox 105 2021 108 2025; x_wconf 81' lang='grc'><strong>’</strong></span> <span class='ocrx_word' id='word_1_94' title='bbox 181 1999 271 2077; x_wconf 85' lang='lat' dir='ltr'>velit,</span> <span class='ocrx_word' id='word_1_95' title='bbox 295 1999 448 2083; x_wconf 87' lang='lat' dir='ltr'>plerisque</span> <span class='ocrx_word' id='word_1_96' title='bbox 472 1999 662 2063; x_wconf 86' lang='lat' dir='ltr'>audientium</span> <span class='ocrx_word' id='word_1_97' title='bbox 685 2001 764 2064; x_wconf 90' lang='lat' dir='ltr'>nihil</span> <span class='ocrx_word' id='word_1_98' title='bbox 788 2023 893 2065; x_wconf 88' lang='lat' dir='ltr'>corum</span> <span class='ocrx_word' id='word_1_99' title='bbox 923 2023 1001 2084; x_wconf 89' lang='lat' dir='ltr'>quae</span> <span class='ocrx_word' id='word_1_100' title='bbox 1025 2001 1123 2064; x_wconf 88' lang='lat' dir='ltr'>dicere</span> <span class='ocrx_word' id='word_1_101' title='bbox 1138 1999 1187 2063; x_wconf 86' lang='lat' dir='ltr'>vel</span> 
     </span>
     <span class='ocr_line' id='line_1_15' title="bbox 182 2116 1185 2203; baseline 0.003 -24"><span class='ocrx_word' id='word_1_102' title='bbox 182 2117 313 2181; x_wconf 87' lang='lat' dir='ltr'>scribere</span> <span class='ocrx_word' id='word_1_103' title='bbox 343 2116 519 2202; x_wconf 83' lang='lat' dir='ltr'>aggreditur</span> <span class='ocrx_word' id='word_1_104' title='bbox 549 2117 718 2203; x_wconf 88' lang='lat' dir='ltr'>intelligere</span> <span class='ocrx_word' id='word_1_105' title='bbox 752 2119 907 2184; x_wconf 87' lang='lat' dir='ltr'>videatur:</span> <span class='ocrx_word' id='word_1_106' title='bbox 932 2142 1008 2203; x_wconf 93' lang='lat' dir='ltr'>quos</span> <span class='ocrx_word' id='word_1_107' title='bbox 1031 2119 1185 2183; x_wconf 89' lang='lat' dir='ltr'>interdum</span> 
     </span>
     <span class='ocr_line' id='line_1_16' title="bbox 180 2236 1186 2323; baseline 0.003 -25"><span class='ocrx_word' id='word_1_108' title='bbox 180 2236 279 2320; x_wconf 84' lang='lat' dir='ltr'>fugit,</span> <span class='ocrx_word' id='word_1_109' title='bbox 303 2257 365 2299; x_wconf 90' lang='lat' dir='ltr'>non</span> <span class='ocrx_word' id='word_1_110' title='bbox 388 2242 528 2299; x_wconf 87' lang='lat' dir='ltr'>naturam</span> <span class='ocrx_word' id='word_1_111' title='bbox 545 2237 693 2321; x_wconf 91' lang='lat' dir='ltr'>cuiusque</span> <span class='ocrx_word' id='word_1_112' title='bbox 710 2244 843 2322; x_wconf 86' lang='lat' dir='ltr'>quatuor</span> <span class='ocrx_word' id='word_1_113' title='bbox 857 2239 997 2316; x_wconf 88' lang='lat' dir='ltr'>illorum,</span> <span class='ocrx_word' id='word_1_114' title='bbox 1014 2238 1067 2302; x_wconf 88' lang='lat' dir='ltr'>sed</span> <span class='ocrx_word' id='word_1_115' title='bbox 1083 2239 1186 2323; x_wconf 81' lang='lat' dir='ltr'>potius</span> 
     </span>
     <span class='ocr_line' id='line_1_17' title="bbox 182 2354 1184 2442; baseline 0.004 -24"><span class='ocrx_word' id='word_1_116' title='bbox 182 2356 318 2419; x_wconf 88' lang='lat' dir='ltr'>animum</span> <span class='ocrx_word' id='word_1_117' title='bbox 341 2354 499 2422; x_wconf 84' lang='lat' dir='ltr'>scribentis</span> <span class='ocrx_word' id='word_1_118' title='bbox 519 2356 566 2419; x_wconf 86' lang='lat' dir='ltr'>vel</span> <span class='ocrx_word' id='word_1_119' title='bbox 582 2356 735 2439; x_wconf 87' lang='lat' dir='ltr'>loquentis</span> <span class='ocrx_word' id='word_1_120' title='bbox 752 2359 856 2442; x_wconf 86' lang='lat' dir='ltr'>argui,</span> <span class='ocrx_word' id='word_1_121' title='bbox 873 2359 951 2422; x_wconf 90' lang='lat' dir='ltr'>male</span> <span class='ocrx_word' id='word_1_122' title='bbox 967 2382 997 2422; x_wconf 88' lang='lat' dir='ltr'>se</span> <span class='ocrx_word' id='word_1_123' title='bbox 1012 2359 1184 2423; x_wconf 90' lang='lat' dir='ltr'>habentem.</span> 
     </span>
     <span class='ocr_line' id='line_1_18' title="bbox 181 2475 1186 2562; baseline 0.002 -24"><span class='ocrx_word' id='word_1_124' title='bbox 181 2475 345 2538; x_wconf 83' lang='lat' dir='ltr'>Discursus</span> <span class='ocrx_word' id='word_1_125' title='bbox 368 2495 438 2536; x_wconf 89' lang='lat' dir='ltr'>vero</span> <span class='ocrx_word' id='word_1_126' title='bbox 462 2496 515 2558; x_wconf 89' lang='lat' dir='ltr'>per</span> <span class='ocrx_word' id='word_1_127' title='bbox 537 2475 639 2549; x_wconf 92' lang='lat' dir='ltr'>omnia</span> <span class='ocrx_word' id='word_1_128' title='bbox 661 2475 715 2538; x_wconf 91' lang='lat' dir='ltr'>illa</span> <span class='ocrx_word' id='word_1_129' title='bbox 737 2499 858 2540; x_wconf 90' lang='lat' dir='ltr'>sursum</span> <span class='ocrx_word' id='word_1_130' title='bbox 882 2477 1042 2555; x_wconf 88' lang='lat' dir='ltr'>deorsum,</span> <span class='ocrx_word' id='word_1_131' title='bbox 1064 2478 1186 2562; x_wconf 88' lang='lat' dir='ltr'>singula</span> 
     </span>
     <span class='ocr_line' id='line_1_19' title="bbox 181 2592 1185 2681; baseline 0.004 -24"><span class='ocrx_word' id='word_1_132' title='bbox 181 2593 323 2676; x_wconf 83' lang='lat' dir='ltr'>deinceps</span> <span class='ocrx_word' id='word_1_133' title='bbox 347 2592 522 2681; x_wconf 75' lang='lat' dir='ltr'>explorans,</span> <span class='ocrx_word' id='word_1_134' title='bbox 541 2593 591 2656; x_wconf 86' lang='lat' dir='ltr'>vix</span> <span class='ocrx_word' id='word_1_135' title='bbox 612 2593 734 2658; x_wconf 89' lang='lat' dir='ltr'>tandem</span> <span class='ocrx_word' id='word_1_136' title='bbox 751 2595 907 2660; x_wconf 85' lang='lat' dir='ltr'>scientiam</span> <span class='ocrx_word' id='word_1_137' title='bbox 923 2597 1022 2681; x_wconf 82' lang='lat' dir='ltr'>gignit</span> <span class='ocrx_word' id='word_1_138' title='bbox 1038 2596 1185 2661; x_wconf 87' lang='lat' dir='ltr'>sinceram</span> 
     </span>
     <span class='ocr_line' id='line_1_20' title="bbox 181 2711 1183 2800; baseline 0.004 -24"><span class='ocrx_word' id='word_1_139' title='bbox 181 2714 215 2776; x_wconf 89' lang='lat' dir='ltr'>iu</span> <span class='ocrx_word' id='word_1_140' title='bbox 241 2711 341 2775; x_wconf 91' lang='lat' dir='ltr'>animo</span> <span class='ocrx_word' id='word_1_141' title='bbox 365 2711 498 2788; x_wconf 88' lang='lat' dir='ltr'>sincero;</span> <span class='ocrx_word' id='word_1_142' title='bbox 523 2718 554 2774; x_wconf 91' lang='lat' dir='ltr'>at</span> <span class='ocrx_word' id='word_1_143' title='bbox 578 2712 603 2774; x_wconf 94' lang='lat' dir='ltr'>si</span> <span class='ocrx_word' id='word_1_144' title='bbox 626 2713 695 2796; x_wconf 92' lang='lat' dir='ltr'>quis</span> <span class='ocrx_word' id='word_1_145' title='bbox 718 2713 798 2777; x_wconf 91' lang='lat' dir='ltr'>mala</span> <span class='ocrx_word' id='word_1_146' title='bbox 820 2715 922 2778; x_wconf 89' lang='lat' dir='ltr'>indole</span> <span class='ocrx_word' id='word_1_147' title='bbox 946 2716 985 2779; x_wconf 90' lang='lat' dir='ltr'>sit</span> <span class='ocrx_word' id='word_1_148' title='bbox 1008 2716 1183 2800; x_wconf 88' lang='lat' dir='ltr'>praeditus,</span> 
     </span>
     <span class='ocr_line' id='line_1_21' title="bbox 181 2830 1186 2916; baseline 0.003 -20"><span class='ocrx_word' id='word_1_149' title='bbox 181 2832 353 2896; x_wconf 90' lang='lat' dir='ltr'>cuiusmodi</span> <span class='ocrx_word' id='word_1_150' title='bbox 377 2837 422 2894; x_wconf 82' lang='lat' dir='ltr'>est</span> <span class='ocrx_word' id='word_1_151' title='bbox 444 2830 659 2916; x_wconf 88' lang='lat' dir='ltr'>plerorumque</span> <span class='ocrx_word' id='word_1_152' title='bbox 683 2834 775 2897; x_wconf 90' lang='lat' dir='ltr'>animi</span> <span class='ocrx_word' id='word_1_153' title='bbox 797 2834 915 2898; x_wconf 88' lang='lat' dir='ltr'>indoles</span> <span class='ocrx_word' id='word_1_154' title='bbox 937 2842 1001 2898; x_wconf 90' lang='lat' dir='ltr'>tam</span> <span class='ocrx_word' id='word_1_155' title='bbox 1025 2834 1062 2898; x_wconf 92' lang='lat' dir='ltr'>ad</span> <span class='ocrx_word' id='word_1_156' title='bbox 1077 2835 1186 2899; x_wconf 88' lang='lat' dir='ltr'>doctri-</span> 
     </span>
     <span class='ocr_line' id='line_1_22' title="bbox 181 2949 1187 3036; baseline 0.003 -22"><span class='ocrx_word' id='word_1_157' title='bbox 181 2973 252 3014; x_wconf 88' lang='lat' dir='ltr'>nam</span> <span class='ocrx_word' id='word_1_158' title='bbox 283 2973 374 3033; x_wconf 90' lang='lat' dir='ltr'>quam</span> <span class='ocrx_word' id='word_1_159' title='bbox 397 2949 436 3013; x_wconf 91' lang='lat' dir='ltr'>ad</span> <span class='ocrx_word' id='word_1_160' title='bbox 459 2972 574 3027; x_wconf 77' lang='lat' dir='ltr'>moreS,</span> <span class='ocrx_word' id='word_1_161' title='bbox 600 2951 711 3035; x_wconf 89' lang='lat' dir='ltr'>partim</span> <span class='ocrx_word' id='word_1_162' title='bbox 734 2952 825 3015; x_wconf 86' lang='lat' dir='ltr'>etiam</span> <span class='ocrx_word' id='word_1_163' title='bbox 848 2953 874 3016; x_wconf 92' lang='lat' dir='ltr'>si</span> <span class='ocrx_word' id='word_1_164' title='bbox 897 2952 1112 3036; x_wconf 83' lang='lat' dir='ltr'>(institutione)</span> <span class='ocrx_word' id='word_1_165' title='bbox 1136 2954 1187 3018; x_wconf 88' lang='lat' dir='ltr'>de-</span> 
     </span>
     <span class='ocr_line' id='line_1_23' title="bbox 183 3068 1186 3156; baseline 0.003 -23"><span class='ocrx_word' id='word_1_166' title='bbox 183 3077 326 3155; x_wconf 90' lang='lat' dir='ltr'>pravatus</span> <span class='ocrx_word' id='word_1_167' title='bbox 357 3069 413 3145; x_wconf 84' lang='lat' dir='ltr'>sit,</span> <span class='ocrx_word' id='word_1_168' title='bbox 445 3068 594 3132; x_wconf 90' lang='lat' dir='ltr'>eiusmodi</span> <span class='ocrx_word' id='word_1_169' title='bbox 624 3070 747 3154; x_wconf 83' lang='lat' dir='ltr'>ingenia</span> <span class='ocrx_word' id='word_1_170' title='bbox 776 3094 814 3134; x_wconf 91' lang='lat' dir='ltr'>ne</span> <span class='ocrx_word' id='word_1_171' title='bbox 837 3071 978 3156; x_wconf 84' lang='lat' dir='ltr'>Lynceus</span> <span class='ocrx_word' id='word_1_172' title='bbox 1002 3072 1125 3156; x_wconf 89' lang='lat' dir='ltr'>quidem</span> <span class='ocrx_word' id='word_1_173' title='bbox 1147 3079 1186 3136; x_wconf 89' lang='lat' dir='ltr'>ut</span> 
     </span>
     <span class='ocr_line' id='line_1_24' title="bbox 182 3187 1186 3274; baseline 0.001 -20"><span class='ocrx_word' id='word_1_174' title='bbox 182 3195 307 3254; x_wconf 88' lang='lat' dir='ltr'>cernant</span> <span class='ocrx_word' id='word_1_175' title='bbox 337 3187 451 3251; x_wconf 87' lang='lat' dir='ltr'>efficere</span> <span class='ocrx_word' id='word_1_176' title='bbox 481 3195 592 3272; x_wconf 88' lang='lat' dir='ltr'>posset.</span> <span class='ocrx_word' id='word_1_177' title='bbox 640 3189 685 3251; x_wconf 90' lang='lat' dir='ltr'>Ut</span> <span class='ocrx_word' id='word_1_178' title='bbox 712 3190 885 3253; x_wconf 87' lang='lat' dir='ltr'>summatim</span> <span class='ocrx_word' id='word_1_179' title='bbox 917 3189 1033 3268; x_wconf 86' lang='lat' dir='ltr'>dicam,</span> <span class='ocrx_word' id='word_1_180' title='bbox 1066 3192 1119 3274; x_wconf 90' lang='lat' dir='ltr'>qui</span> <span class='ocrx_word' id='word_1_181' title='bbox 1142 3192 1186 3255; x_wconf 92' lang='lat' dir='ltr'>rei</span> 
     </span>
     <span class='ocr_line' id='line_1_25' title="bbox 183 3307 1186 3394; baseline 0.002 -21"><span class='ocrx_word' id='word_1_182' title='bbox 183 3309 242 3394; x_wconf 88' lang='lat' dir='ltr'>ipsi</span> <span class='ocrx_word' id='word_1_183' title='bbox 285 3307 336 3392; x_wconf 92' lang='lat' dir='ltr'>[de</span> <span class='ocrx_word' id='word_1_184' title='bbox 368 3329 428 3390; x_wconf 91' lang='lat' dir='ltr'>qua</span> <span class='ocrx_word' id='word_1_185' title='bbox 458 3307 629 3391; x_wconf 89' lang='lat' dir='ltr'>quaeritur]</span> <span class='ocrx_word' id='word_1_186' title='bbox 660 3330 722 3371; x_wconf 89' lang='lat' dir='ltr'>non</span> <span class='ocrx_word' id='word_1_187' title='bbox 759 3317 905 3394; x_wconf 81' lang='lat' dir='ltr'>cognatus</span> <span class='ocrx_word' id='word_1_188' title='bbox 940 3309 997 3387; x_wconf 85' lang='lat' dir='ltr'>sit,</span> <span class='ocrx_word' id='word_1_189' title='bbox 1030 3332 1100 3373; x_wconf 87' lang='lat' dir='ltr'>eum</span> <span class='ocrx_word' id='word_1_190' title='bbox 1130 3334 1186 3376; x_wconf 88' lang='lat' dir='ltr'>nec</span> 
     </span>
    </p>
   </div>
   <div class='ocr_carea' id='block_1_5' title="bbox 186 3433 353 3443">
    <p class='ocr_par' dir='ltr' id='par_1_5' title="bbox 186 3433 353 3443">
     <span class='ocr_line' id='line_1_26' title="bbox 186 3433 353 3443; baseline -0.006 0"><span class='ocrx_word' id='word_1_191' title='bbox 186 3433 353 3443; x_wconf 81' lang='lat'><strong>————-</strong></span> 
     </span>
    </p>
   </div>
   <div class='ocr_carea' id='block_1_6' title="bbox 183 3478 1186 4005">
    <p class='ocr_par' dir='ltr' id='par_1_6' title="bbox 184 3478 1186 3623">
     <span class='ocr_line' id='line_1_27' title="bbox 217 3478 1186 3548; baseline 0.005 -21"><span class='ocrx_word' id='word_1_192' title='bbox 217 3479 241 3539; x_wconf 81' lang='lat'>2)</span> <span class='ocrx_word' id='word_1_193' title='bbox 259 3478 336 3543; x_wconf 81' lang='lat' dir='ltr'>Vulgo</span> <span class='ocrx_word' id='word_1_194' title='bbox 353 3482 378 3529; x_wconf 81' lang='grc' dir='ltr'>οὐ</span> <span class='ocrx_word' id='word_1_195' title='bbox 394 3481 572 3542; x_wconf 72' lang='grc' dir='ltr'><strong><em>καταγέλαστοι,</em></strong></span> <span class='ocrx_word' id='word_1_196' title='bbox 589 3480 652 3542; x_wconf 90' lang='lat' dir='ltr'>quod</span> <span class='ocrx_word' id='word_1_197' title='bbox 669 3479 689 3527; x_wconf 88' lang='lat' dir='ltr'>si</span> <span class='ocrx_word' id='word_1_198' title='bbox 705 3483 821 3540; x_wconf 84' lang='lat' dir='ltr'>servatur,</span> <span class='ocrx_word' id='word_1_199' title='bbox 839 3480 991 3530; x_wconf 84' lang='lat' dir='ltr'>enuntiatum</span> <span class='ocrx_word' id='word_1_200' title='bbox 1002 3497 1045 3545; x_wconf 87' lang='lat' dir='ltr'>per</span> <span class='ocrx_word' id='word_1_201' title='bbox 1055 3482 1186 3548; x_wconf 81' lang='lat' dir='ltr'>interroga-</span> 
     </span>
     <span class='ocr_line' id='line_1_28' title="bbox 184 3573 494 3623; baseline 0.003 -2"><span class='ocrx_word' id='word_1_202' title='bbox 184 3573 273 3622; x_wconf 83' lang='lat' dir='ltr'>tionem</span> <span class='ocrx_word' id='word_1_203' title='bbox 291 3574 434 3623; x_wconf 88' lang='lat' dir='ltr'>afferendum</span> <span class='ocrx_word' id='word_1_204' title='bbox 452 3577 494 3622; x_wconf 85' lang='lat' dir='ltr'>est.</span> 
     </span>
    </p>

    <p class='ocr_par' dir='ltr' id='par_1_7' title="bbox 183 3668 1186 4005">
     <span class='ocr_line' id='line_1_29' title="bbox 217 3668 1186 3740; baseline 0.011 -25"><span class='ocrx_word' id='word_1_205' title='bbox 217 3668 241 3728; x_wconf 84' lang='lat'>3)</span> <span class='ocrx_word' id='word_1_206' title='bbox 258 3668 335 3716; x_wconf 87' lang='lat' dir='ltr'>Verba</span> <span class='ocrx_word' id='word_1_207' title='bbox 355 3668 389 3716; x_wconf 88' lang='lat' dir='ltr'>sic</span> <span class='ocrx_word' id='word_1_208' title='bbox 405 3670 580 3733; x_wconf 86' lang='lat' dir='ltr'>transponenda</span> <span class='ocrx_word' id='word_1_209' title='bbox 597 3669 714 3729; x_wconf 87' lang='lat' dir='ltr'>arbitror,</span> <span class='ocrx_word' id='word_1_210' title='bbox 732 3674 760 3718; x_wconf 91' lang='lat' dir='ltr'>ut</span> <span class='ocrx_word' id='word_1_211' title='bbox 775 3670 850 3719; x_wconf 88' lang='lat' dir='ltr'>latine</span> <span class='ocrx_word' id='word_1_212' title='bbox 868 3672 932 3721; x_wconf 85' lang='lat' dir='ltr'>dedi:</span> <span class='ocrx_word' id='word_1_213' title='bbox 953 3677 994 3740; x_wconf 78' lang='grc' dir='ltr'>οὐχ</span> <span class='ocrx_word' id='word_1_214' title='bbox 1013 3679 1088 3731; x_wconf 79' lang='grc' dir='ltr'><strong>ἡτῶν</strong></span> <span class='ocrx_word' id='word_1_215' title='bbox 1106 3681 1186 3726; x_wconf 73' lang='grc' dir='ltr'>τεττά-</span> 
     </span>
     <span class='ocr_line' id='line_1_30' title="bbox 183 3763 1184 3837; baseline 0.008 -24"><span class='ocrx_word' id='word_1_216' title='bbox 183 3785 228 3832; x_wconf 75' lang='grc' dir='ltr'>ρων</span> <span class='ocrx_word' id='word_1_217' title='bbox 249 3766 311 3830; x_wconf 71' lang='grc' dir='ltr'><strong><em>φύσις</em></strong></span> <span class='ocrx_word' id='word_1_218' title='bbox 333 3765 427 3815; x_wconf 77' lang='grc' dir='ltr'><strong><em>ἑκάστου</em></strong></span> <span class='ocrx_word' id='word_1_219' title='bbox 444 3767 572 3830; x_wconf 67' lang='grc' dir='ltr'><strong><em>ἐλέγχεται,</em></strong></span> <span class='ocrx_word' id='word_1_220' title='bbox 598 3763 647 3814; x_wconf 69' lang='grc' dir='ltr'>ἀλλ’</span> <span class='ocrx_word' id='word_1_221' title='bbox 667 3771 682 3823; x_wconf 86' lang='grc' dir='ltr'><strong>ἡ</strong></span> <span class='ocrx_word' id='word_1_222' title='bbox 705 3773 764 3831; x_wconf 80' lang='grc' dir='ltr'>ψυχὴ</span> <span class='ocrx_word' id='word_1_223' title='bbox 780 3771 820 3816; x_wconf 78' lang='grc' dir='ltr'>τοῦ</span> <span class='ocrx_word' id='word_1_224' title='bbox 834 3773 904 3836; x_wconf 75' lang='grc' dir='ltr'><strong><em>γράψ.</em></strong></span> <span class='ocrx_word' id='word_1_225' title='bbox 922 3773 937 3825; x_wconf 82' lang='grc' dir='ltr'>ἣ</span> <span class='ocrx_word' id='word_1_226' title='bbox 952 3771 998 3828; x_wconf 62' lang='grc' dir='ltr'>λάξ.</span> <span class='ocrx_word' id='word_1_227' title='bbox 1017 3787 1069 3837; x_wconf 64' lang='grc' dir='ltr'>περ.</span> <span class='ocrx_word' id='word_1_228' title='bbox 1091 3772 1184 3836; x_wconf 72' lang='grc' dir='ltr'><strong><em>φαύλως.</em></strong></span> 
     </span>
     <span class='ocr_line' id='line_1_31' title="bbox 184 3859 1183 3936; baseline 0.006 -27"><span class='ocrx_word' id='word_1_229' title='bbox 184 3861 245 3909; x_wconf 91' lang='lat' dir='ltr'>Nam</span> <span class='ocrx_word' id='word_1_230' title='bbox 270 3860 288 3907; x_wconf 85' lang='lat' dir='ltr'>si</span> <span class='ocrx_word' id='word_1_231' title='bbox 314 3859 419 3922; x_wconf 86' lang='lat' dir='ltr'>imperiti</span> <span class='ocrx_word' id='word_1_232' title='bbox 441 3876 454 3908; x_wconf 89' lang='lat' dir='ltr'>a</span> <span class='ocrx_word' id='word_1_233' title='bbox 474 3860 557 3924; x_wconf 87' lang='lat' dir='ltr'>peritis</span> <span class='ocrx_word' id='word_1_234' title='bbox 578 3861 765 3926; x_wconf 83' lang='lat' dir='ltr'>redarguuntur,</span> <span class='ocrx_word' id='word_1_235' title='bbox 788 3878 858 3912; x_wconf 85' lang='lat' dir='ltr'>causa</span> <span class='ocrx_word' id='word_1_236' title='bbox 880 3868 916 3920; x_wconf 86' lang='lat' dir='ltr'>est</span> <span class='ocrx_word' id='word_1_237' title='bbox 939 3881 987 3926; x_wconf 74' lang='lat' dir='ltr'>pop</span> <span class='ocrx_word' id='word_1_238' title='bbox 1004 3865 1029 3927; x_wconf 79' lang='lat' dir='ltr'>ip</span> <span class='ocrx_word' id='word_1_239' title='bbox 1046 3882 1085 3936; x_wconf 63' lang='lat' dir='ltr'>re³</span> <span class='ocrx_word' id='word_1_240' title='bbox 1103 3866 1183 3919; x_wconf 86' lang='lat' dir='ltr'>sedin</span> 
     </span>
     <span class='ocr_line' id='line_1_32' title="bbox 184 3954 428 4005; baseline -0.004 0"><span class='ocrx_word' id='word_1_241' title='bbox 184 3956 307 4005; x_wconf 87' lang='lat' dir='ltr'>hominum</span> <span class='ocrx_word' id='word_1_242' title='bbox 326 3954 428 4004; x_wconf 87' lang='lat' dir='ltr'>inscitia.</span> 
     </span>
    </p>
   </div>
   <div class='ocr_carea' id='block_1_7' title="bbox 0 0 1379 4950">
    <p class='ocr_par' dir='ltr' id='par_1_8' title="bbox 0 0 1379 4950">
     <span class='ocr_line' id='line_1_33' title="bbox 0 0 1379 4950; baseline 0 0"><span class='ocrx_word' id='word_1_243' title='bbox 0 0 1379 4950; x_wconf 95' lang='lat' dir='ltr'> </span> 
     </span>
    </p>
   </div>
  </div>
 </body>
</html>
