2746 4950
679 371 740 434 227

200 574 235 640 πὸ
263 574 400 654 προὶππειν
433 575 474 641 ra
507 577 586 642 arrad
608 578 658 640 κιιὶ
682 579 818 643 πολιτικοὶ
841 579 977 657 ἕπιθομίοι
1001 581 1042 665 (p.
1068 582 1131 644 325
1156 582 1206 665 Α).

201 692 262 757 Sed
285 716 363 777 quae
385 716 456 757 mox
478 695 579 759 evenit
600 695 714 781 injusta
737 695 868 761 Socratis
891 697 1060 776 damnatio,
1076 707 1143 763 tum
1159 699 1209 764 de·

201 834 402 898 magogorum
424 812 638 897 importunitas
655 807 685 878 et
700 813 869 879 increscens
885 837 1004 880 morum
1017 814 1207 901 depravatio,

201 931 276 995 haec
299 954 347 996 me
369 931 402 997 πὸ
425 937 533 1012 πρῶτον
553 941 664 1008 πολλῆς
683 933 790 1010 μεστὸν
808 932 878 998 tara
897 936 984 1013 ὁρμῆς
1000 935 1048 1022 ε’πὶ
1065 934 1098 1000 τὸ
1113 912 1228 1016 apae!

200 1076 259 1116 πειι
280 1052 321 1118 rol
343 1051 422 1116 κοινὰ
444 1059 652 1136 represserunt
675 1051 759 1136 (ibid.
784 1052 835 1137 D).
882 1052 931 1116 Ita
953 1054 1068 1119 factum
1084 1063 1205 1120 utnon

199 1169 378 1234 desisterem
400 1169 524 1253 quidem
546 1170 694 1254 cogitare,
718 1170 871 1254 quomodo
894 1193 941 1236 res
964 1171 1095 1236 civitatis
1111 1195 1209 1237 emen-

201 1288 268 1352 dari
291 1294 440 1373 possent,‘
457 1288 510 1352 sed
531 1295 567 1353 ut
590 1288 700 1372 agendi
723 1290 911 1354 occasionem
927 1312 1044 1375 semper
1056 1299 1207 1376 exspecta·

200 1429 282 1470 rem:
305 1404 379 1471 ὥστε
398 1431 502 1484 με...
525 1413 575 1472 ποῦ
598 1407 651 1484 μὲι
674 1414 790 1471 σκοπεῖν
813 1409 854 1484 μὴ
873 1410 1053 1491 οὶποοπῆιοιι,
1074 1419 1116 1491 πῇ
1139 1409 1207 1475 ποτ’

200 1522 318 1602 ἄμεινον
341 1523 377 1590 aba
399 1525 545 1607 γίγνοιτο,
560 1575 567 1591 .
581 1575 611 1590 ..
636 1531 685 1590 ποῦ
704 1505 737 1589 Ἱδὲ
760 1525 898 1606 πράττειν
921 1523 959 1592 οὗ
982 1528 1139 1607 περιμένειν
1160 1529 1206 1593 ἀεὶ

200 1643 323 1724 καιρούς.
358 1642 443 1727 (ibid.
467 1642 514 1728 11).
560 1643 717 1707 Postremo
755 1645 922 1730 perspicere
957 1645 1058 1730 coepi,
1086 1643 1208 1710 nullum

200 1761 275 1827 mali
308 1762 476 1826 remedium
510 1762 574 1829 fore
606 1761 666 1826 nisi
690 1763 706 1839 ἢ
729 1762 762 1827 τὸ
790 1769 845 1828 πῖον
879 1764 1114 1846 Φιλοποφούιπιοι
1138 1815 1146 1831 .
1172 1815 1205 1832 ..

200 1881 283 1961 γένος
306 1883 345 1954 εἷς
367 1883 466 1964 ἀρχοὶς
489 1882 554 1965 {adp
575 1884 631 1956 τὰς
654 1884 824 1960 πολιτικὰς,
848 1883 865 1960 ἢ
888 1883 921 1949 τὸ
943 1889 999 1949 τῶν
1021 1884 1205 1949 διιοοιππειιοίυ

201 2027 259 2068 τιον
281 2005 309 2067 ἐι
333 2009 399 2074 ποεῖς
422 2000 523 2067 πόλεσι
538 2053 544 2068 .
560 2052 588 2068 ..
614 2000 700 2074 ὄντος
723 2005 909 2085 <bisacutam
932 2004 972 2087 (p.
998 2006 1061 2066 326
1085 2003 1135 2076 Bt.

246 2121 391 2186 Dubitari
422 2121 530 2204 nequit
550 2120 633 2205 ‘quin
656 2122 785 2206 scriptor
806 2121 855 2186 his
878 2122 1069 2207 responderit
1091 2124 1208 2207 vitupe-

200 2239 315 2304 rationi
344 2262 462 2318 eorum‚
495 2240 548 2323 qui
579 2261 666 2324 aegre
701 2239 813 2303 terrent
843 2239 1061 2325 philosophum
1088 2241 1120 2305 iu
1144 2242 1207 2305 otio

201 2358 241 2423 de
264 2358 439 2443 disciplina,
464 2358 502 2422 de
524 2357 661 2422 moribus
685 2366 715 2422 et
738 2357 775 2422 de
799 2358 918 2442 legibus
942 2358 1140 2424 disserentem
1150 2359 1208 2423 fori

200 2477 302 2543 lucem
323 2477 428 2562 lugere
451 2483 482 2541 et
512 2500 529 2540 a
550 2476 728 2541 muneribus
744 2478 935 2561 negotiisque
959 2476 1098 2563 gerendis
1119 2478 1208 2543 absti-

200 2618 290 2661 nere:
317 2618 456 2680 quorum·
470 2571 707 2661 obtrectatorum
732 2596 956 2660 criminationes
977 2596 1042 2680 ipse
1064 2596 1153 2660 Plato
1175 2597 1208 2659 in
1295 2664 1299 2669 ,

199 2714 281 2780 libro
316 2713 362 2778 VI
396 2715 433 2779 de
468 2714 542 2800 Rep.
579 2738 595 2779 e
629 2737 758 2800 persona
792 2714 949 2780 Adimanti
984 2723 1207 2780 commemorat.

200 2835 317 2920 Aperte
346 2833 379 2897 id
408 2833 523 2897 indicat
553 2833 585 2896 in
612 2823 751 2918 Epistola
773 2833 819 2912 V,
844 2857 874 2918 p.
899 2836 963 2897 322
987 2835 1033 2912 A,
1057 2834 1112 2899 ubi
1135 2834 1208 2899 haec

199 2954 307 3020 scribit
339 2953 378 3018 ad
408 2943 600 3017 Perdiccami
632 2954 682 3018 ἐὰν
712 2944 741 3018 δέ
771 2978 815 3026 τις
849 2954 978 3026 auctaas
1010 2952 1097 3020 ταῦτ’
1125 2954 1208 3038 εἴπῃ·
1271 2952 1274 2956 ’

200 3070 348 3155 nacitor,
372 3075 408 3145 ὡς
430 3074 515 3155 ἔοικε,
540 3079 735 3154 προσποιεῖται
759 3073 812 3150 μὲι
834 3073 874 3138 rai
898 3073 1077 3155 δημοκρατίᾳ
1094 3071 1210 3155 ξυμφέ-

200 3193 273 3273 ροιπ’
304 3190 422 3267 albicat,
454 3189 515 3268 ἐξὸν
546 3191 570 3256 δ’
591 3193 619 3256 ἐι
642 3195 682 3273 τῷ
706 3191 786 3273 δήμῳ
808 3191 905 3268 λέγειν
927 3191 976 3256 nal
1000 3187 1209 3269 ξυμβουλεύειν

201 3292 346 3392 adspira
367 3310 531 3392 βέλτιστοι,
563 3312 594 3375 οὐ
626 3311 736 3374 πώποτ’
758 3309 893 3383 ivaurde
924 3308 1110 3392 ἐφθέγξατο·
1141 3308 1209 3388 πρὸς

175 3431 289 3497 ’τοῦτ’
319 3429 424 3504 εἰπεῖν,
455 3424 498 3493 ὅτι
528 3426 654 3494 ilariaco
683 3426 733 3508 ὄψ’
766 3427 795 3492 ε’1ι
817 3437 853 3509 πῇ
883 3428 998 3508 ποιπρίδι
1033 3427 1137 3505 γέγονε
1160 3427 1208 3491 aa}

199 3546 251 3615 τὸν
280 3547 368 3624 δῆμον
399 3546 568 3624 κοιπὲλοιβειι
598 3547 648 3622 ἤδη
678 3546 872 3626 πρεσβύτεροι
902 3547 951 3610 aa>
982 3545 1210 3622 attrectabat

198 3673 258 3735 πῶν
276 3665 431 3747 ἔμπροσθεν
449 3665 549 3730 πολλοὶ
567 3665 617 3729 aa}
637 3665 759 3742 οὶνδμοιιι
778 3675 815 3744 τῇ
837 3665 940 3729 ἐκείνου
952 3663 1106 3745 ξυμβουλῇ
1118 3662 1211 3744 προέπ-

197 3810 270 3853 πειν.
315 3784 372 3866 „Si
395 3775 463 3869 quis
486 3785 611 3870 objiciat
632 3785 793 3848 Platonem
816 3784 977 3849 scientiam
1000 3782 1123 3868 quidem
1139 3805 1210 3868 prae

197 3925 235 3969 se
253 3903 334 3968 darre
348 3925 450 3967 rerum
473 3902 626 3981 civilium,
651 3903 720 3980 sed,
742 3926 838 3987 quum
853 3903 943 3967 liceat
959 3903 987 3966 ei
1006 3902 1106 3987 palam
1121 3902 1154 3967 in
1171 3901 1211 3966 ci-

198 4023 297 4089 vitate
326 4021 418 4087 verba
452 4023 549 4085 facere
579 4029 609 4086 et
640 4022 766 4085 consilia
789 4021 877 4099 dare,
902 4021 934 4085 id
957 4021 1112 4105 refugere,
1137 4020 1210 4084 huic

197 4140 368 4227 responde:
392 4140 480 4204 Plato
497 4163 592 4224 quum
609 4140 647 4204 ad
662 4141 881 4225 rempublicam
903 4141 1041 4217 accessit,
1060 4140 1209 4225 populum

294 4252 296 4257 ¹
1027 4257 1091 4316 15*
