2746 4950
423 385 433 413 ο
641 318 660 378 3

148 521 227 586 nulli
258 522 297 587 ob
322 523 446 607 aliquod
470 545 595 587 arcanae
618 523 701 606 quod
724 523 767 587 ihi
790 523 901 607 legitur
924 525 1089 609 sapientiae
1113 525 1152 589 ef-

148 641 246 704 fatum
270 663 288 703 a
311 639 485 705 Christiano
509 641 631 705 homine
654 642 812 705 confictam
833 648 991 727 putarunt.
1016 642 1152 708 Similem

148 755 186 823 oh
203 782 325 823 eausam
346 759 489 844 Managio
505 767 648 845 suspecta
662 760 723 824 fuit
738 759 877 844 Epistola
891 760 948 825 VI.
973 760 1038 824 Hos
1054 761 1153 826 redar·
1222 760 1227 772 '

148 901 239 962 guare
270 879 404 964 aggressi
426 886 498 943 sunt
521 879 679 942 Bentleius
702 885 733 942 et
755 878 994 964 Wesselingius‚
1023 903 1153 964 quorum

147 996 216 1073 ille,
240 997 294 1080 qui
309 996 494 1074 Phalaridis,
516 997 588 1060 item
604 995 827 1060 Socraticorum
843 998 985 1082 epistolas
1006 1020 1154 1063 commen·

147 1117 233 1181 tioias
256 1139 320 1180 esse
343 1116 493 1194 ostendit,
522 1117 599 1180 hanc
623 1138 715 1199 quam
738 1115 829 1179 modo
852 1117 1006 1180 nominavi
1029 1125 1154 1180 ceteras-

148 1257 208 1318 que
238 1236 381 1320 epistolas
412 1235 534 1300 Plaboni
562 1236 744 1320 adscriptas,
776 1242 884 1320 utpote
906 1237 1152 1320 gravissimorum
1190 1258 1194 1266 ¹

149 1362 325 1433 auctorum,
350 1354 504 1419 Ciceronis
509 1386 520 1432 ,·
541 1354 713 1432 Plutarchi,
730 1354 845 1418 Laertii
861 1361 892 1418 et
907 1361 954 1418 tot
970 1330 1153 1440 scriptorum

149 1481 283 1538 veterum
317 1474 500 1551 testimoniis
531 1474 682 1550 munitae,
713 1496 872 1557 germanos
903 1475 1059 1538 habendos
1087 1499 1151 1540 esse

146 1593 284 1657 Platonis
308 1594 388 1658 fetus
412 1593 557 1657 affirmare
579 1616 641 1657 non
665 1593 826 1658 dubitavit.
843 1595 864 1677 ι)

191 1712 251 1776 Sed
274 1735 370 1796 quum
393 1713 614 1778 socraticarum
643 1714 840 1798 epistolarum
863 1713 937 1776 fides
961 1714 1054 1778 semel
1075 1722 1154 1778 esset

76 1881 77 1884 η
148 1830 293 1894 convulsa
316 1831 468 1916 simulque
491 1838 648 1896 ostensum
671 1840 765 1910 esset,
789 1838 890 1897 totum
905 1831 984 1896 illud
1001 1832 1154 1896 scribendi

90 2020 93 2033 ‚
148 1971 244 2032 genus
267 1973 285 2013 a
308 1949 460 2015 veteribus
483 1952 675 2035 neglectum,
699 1958 768 2036 post
791 1951 956 2015 Alexandri
979 1951 1085 2035 Magni
1105 1951 1154 2014 de-

147 2092 232 2132 mum
255 2077 391 2154 tempora
414 2070 581 2133 studiosius
597 2071 720 2134 tractari
737 2076 767 2134 et
782 2071 814 2134 in
833 2048 992 2135 rhetorum*
1005 2095 1039 2135 ao
1054 2072 1154 2156 sophi-

147 2196 263 2252 starum
286 2188 397 2252 soholis
420 2190 563 2273 usurpari
586 2197 727 2274 coeptum
751 2211 830 2267 esse,
844 2191 869 2273 2)
883 2213 945 2254 non
962 2191 1151 2268 mirandum,

148 2307 172 2370 si
203 2305 357 2370 Ciceronis
389 2307 552 2370 auctoritas
584 2306 719 2371 sufficere
742 2330 805 2371 non
832 2309 935 2393 potuit
957 2308 995 2371 ad
1018 2308 1151 2373 Platoni·

149 2447 252 2518 aarum
277 2424 473 2509 epistolarum
496 2424 586 2488 fidem
610 2426 767 2502 tuendam.

180 2671 203 2732 l)
220 2670 388 2734 Wesselingius
410 2671 435 2719 iu
452 2670 529 2735 Epist.
546 2671 576 2719 ad
592 2670 736 2730 Veuemam,
762 2669 826 2734 Traj.
844 2669 918 2722 1748.
935 2687 958 2735 p.
977 2671 1081 2720 36-46.
1112 2672 1151 2722 cf.

147 2765 310 2815 Westermann
328 2765 354 2814 ll.
371 2781 395 2829 p.
415 2768 428 2814 5
445 2770 469 2815 et
486 2766 509 2814 b.

179 2861 204 2922 2)
222 2862 249 2910 ld
263 2861 312 2924 jam
329 2862 411 2911 docuit
429 2862 549 2921 Oleariua,
567 2862 603 2910 De
620 2862 714 2926 seriptis
732 2861 834 2910 Socratis
852 2864 935 2910 contra
953 2861 1067 2911 Allatium
1088 2863 1154 2911 sehe-

145 2957 234 3006 diasma
256 2957 382 3020 (insertum
409 2958 434 3006 iu
459 2957 557 3007 Stauleii
583 2958 647 3006 Hist.
672 2957 730 3022 phil.
756 2973 780 3021 p.
796 2957 933 3026 '198-209
960 2961 984 3006 et
1009 2957 1034 3005 in
1060 2959 1152 3006 Soerat.

101 3067 104 3071 ’
145 3053 206 3118 hipp.
232 3054 268 3103 ed.
294 3053 369 3104 Orell.
385 3069 410 3118 p.
425 3054 477 3104 385
503 3057 572 3118 sqq.).
606 3054 665 3118 Ejus
690 3051 762 3102 verba
787 3056 818 3117 (p.
839 3052 899 3114 403)
925 3052 982 3102 haee
999 3058 1071 3102 suut:
1090 3055 1153 3112 „Ve·
1230 3105 1236 3114 ,
1335 3036 1338 3044 ’

145 3165 211 3207 rum,
234 3153 261 3198 ut
284 3149 346 3212 quod
368 3165 405 3198 rea
427 3155 463 3198 est
487 3150 578 3207 dicam,
602 3149 713 3198 ridentur
735 3148 795 3197 mihi
819 3148 933 3212 epistolae
954 3147 1009 3199 illua
1022 3159 1055 3214 eu
1072 3164 1153 3197 aarum

112 3260 126 3284 ·,
144 3260 229 3308 maere
247 3237 309 3306 ease,
327 3261 386 3309 quae
403 3244 491 3310 aliquid
509 3261 563 3294 oum
580 3248 688 3310 μελέταις
711 3243 877 3308 Sophisturum
900 3244 1012 3293 habentes
1034 3245 1154 3310 cognatio.
1360 3284 1370 3295 ,,

146 3341 195 3399 nia,
224 3340 336 3402 exercitii¹
360 3341 438 3406 gratia
462 3342 491 3391 ab
517 3342 546 3390 iis
570 3346 692 3400 exaratae,
721 3341 845 3406 discipulis
867 3357 950 3391 eorum
975 3341 1076 3405 exempli
1101 3341 1153 3390 loco

146 3438 348 3500 proponebantur.
388 3437 427 3486 Sic
452 3437 658 3502 'l'heophylaotum
684 3437 784 3486 Graecas
813 3438 929 3501 quasdam
951 3437 1063 3504 epistolas
1093 3453 1155 3486 eom-

146 3536 254 3580 meutum
271 3533 343 3582 fuisse
360 3533 477 3583 novimus.
511 3533 579 3582 'Pales
601 3537 657 3582 sunt
680 3533 777 3582 omnino
794 3532 927 3582 Phalaridis
943 3532 1076 3596 Epistulae,
1096 3533 1154 3581 tales

147 3628 272 3689 cleobuli,
295 3629 428 3690 Pisistrati,
454 3630 548 3678 Solonis
571 3635 595 3678 et
618 3630 677 3679 aliae
695 3630 808 3693 quaedam
825 3630 887 3694 apud
904 3629 1038 3690 Laertium,
1056 3635 1083 3678 ut
1100 3645 1154 3694 pro·

147 3724 194 3774 lire
216 3726 338 3775 ostendere
361 3741 467 3789 possem,
490 3726 510 3775 si
532 3726 578 3775 ista
595 3726 640 3774 hoc
657 3726 710 3775 loco
728 3725 879 3790 agerentur.”
912 3725 978 3790 Quae
994 3726 1076 3775 Aetius
1091 3727 1154 3775 huno

147 3821 227 3871 locum
243 3822 377 3872 describens
392 3838 416 3887 p.
435 3823 482 3872 tot
500 3822 594 3886 arhieit:
619 3822 703 3882 „Tales
726 3838 817 3888 quoque
835 3822 945 3872 existimo
962 3839 1011 3872 ease
1029 3829 1080 3873 tum
1098 3823 1155 3873 alias

148 3916 273 3966 nonnullas
299 3917 397 3967 Platoni
421 3918 561 3982 inscriptas,
587 3923 638 3966 tum
665 3921 767 3981 quatuor
791 3917 844 3966 illas
870 3933 929 3981 quae
951 3917 976 3966 in
993 3918 1155 3983 manuscripto

148 4013 293 4062 Baroueiano
320 4012 517 4062 celebratissimae
543 4013 684 4062 Bodleianae
711 4012 874 4063 Bibliothecae
901 4014 958 4063 olim
982 4030 1050 4063 ame
1068 4014 1154 4062 Orouii

148 4108 259 4156 iuventae
276 4108 403 4158 tremat?
420 4108 477 4157 haec
494 4109 518 4157 in
537 4109 624 4158 Olearii
642 4108 726 4158 Sched.
744 4109 800 4159 edit.
819 4126 866 4158 nou
884 4110 1003 4174 leguntur.

984 4203 1037 4263 ¹1,
