2746 4950
659 287 701 348 64

177 495 346 559 Platonem.
370 494 408 557 In
423 492 605 570 Theaeteto,
630 515 660 577 p.
681 494 739 557 167
758 492 801 569 Α,
818 491 999 576 Protagoras
1016 493 1187 578 sapientem

177 623 208 678 et
231 613 381 677 medicum
400 612 432 675 in
456 632 491 675 eo
514 610 673 675 convenire
697 608 772 673 dicit
795 608 877 694 quod
896 616 1026 694 uterque
1041 611 1188 677 immutet

176 734 345 810 hominem,
369 732 382 796 ὅ
406 730 459 808 μέν
482 729 576 810 ἱοοτρὸς
600 727 767 810 Φορμύκοις
789 727 997 806 μεταβάλλει,
1021 730 1036 792 ὁ
1058 729 1092 794 δὲ
1107 736 1188 812 σοφι-

176 854 246 928 στὴς
262 851 369 927 λύγοις.
395 847 434 912 In
448 848 593 926 Politice,
610 871 640 932 p.
658 850 720 913 297
738 846 779 925 E,
796 847 869 912 boni
883 847 1060 932 imperantis
1077 848 1188 920 εἷκονοις

177 991 240 1035 esse
271 969 346 1032 dicit
373 967 420 1033 τὸν
452 974 581 1045 γεννοιῑον
607 966 782 1046 κυβερνήτην
804 967 853 1030 κού
876 967 924 1030 τὸν
945 966 1047 1046 ἐτέρων
1070 974 1188 1032 πολλῶν

176 1085 311 1164 οέντύξιον
326 1086 429 1165 ἱκτρύν.
464 1083 578 1149 Noster
593 1085 639 1148 uti
654 1084 718 1149 111.
734 1086 846 1161 Ξοιτροῦ,
863 1084 906 1148 ita
919 1083 1096 1162 κυβερνήτου
1115 1085 1190 1150 ima·

177 1207 247 1292 gine
261 1206 360 1270 utitur
375 1204 454 1268 intra
464 1227 494 1289 p.
505 1206 568 1267 351
582 1203 621 1267 D.
646 1203 792 1267 Similiter
807 1203 981 1289 insipientes
998 1202 1143 1268 homines
1159 1211 1190 1269 et
1240 1253 1244 1261 .

176 1325 255 1389 male
277 1331 410 1389 moratae
433 1323 571 1387 civitates
595 1345 684 1407 saepe
707 1329 918 1407 comparantur
942 1343 1010 1386 cum
1028 1330 1190 1408 aegrotan-

177 1444 268 1508 tibus.
300 1441 452 1506 Classicus
473 1441 560 1505 locus
583 1448 628 1504 est
651 1440 688 1505 de
703 1440 778 1526 Rep.
795 1439 850 1504 IV.
872 1464 901 1526 p.
918 1439 1025 1503 tatu
1047 1463 1117 1526 sqq.
1136 1443 1191 1527 qui

178 1561 326 1629 eiusmodi
348 1560 446 1625 verbis
469 1567 632 1644 conceptus
656 1568 702 1623 est
724 1570 760 1623 ut
783 1559 869 1623 facile
886 1566 1029 1645 appareat
1045 1568 1190 1626 nostrum

177 1680 249 1746 inde
271 1701 326 1743 sua
349 1679 540 1764 compilasse:
564 1679 662 1754 λέγεις
685 1678 838 1755 βιώσεσθαι
855 1678 920 1752 τοὺς
943 1677 1086 1751 τοιούτους
1111 1679 1193 1764 (libi-

179 1799 301 1864 dinosos
322 1799 408 1883 dicit)
430 1797 523 1879 ύσπερ
539 1799 605 1869 τοὺς
628 1797 833 1874 κοιμνύντοος
856 1822 890 1862 τε
905 1798 954 1861 κού
970 1798 1020 1861 ούκ
1034 1795 1192 1864 ἐθέλοντος

179 1920 228 1982 ὑπ’
250 1918 412 1988 οὶκολοοσιόος
435 1916 554 1994 ε’κβῆνοιι
579 1918 733 1996 πονηροῖς
756 1916 904 1988 Scatrae.
929 1913 1008 1979 (lum
1024 1914 1073 2002 ipis
1090 1917 1194 1982 conci·

179 2044 259 2101 nunt
278 2035 367 2121 plane
384 2035 527 2120 epistolae
542 2034 649 2098 verba:
675 2033 750 2112 ἀνδρὶ
765 2034 903 2110 κύριοντι
919 2034 967 2098 aa)
983 2034 1099 2098 διὀυτοιν
1115 2035 1191 2101 δικι-

179 2152 295 2235 τωροένῳ
318 2153 475 2235 ριοχύνρύν.
521 2152 640 2217 Deinde
663 2151 894 2216 similitudinem
917 2151 1058 2215 transfert
1085 2152 1126 2215 sd
1151 2154 1193 2217 ci·

178 2275 286 2337 vitatos
310 2272 503 2357 depravatas,
529 2295 557 2357 p.
582 2273 646 2334 426
671 2271 717 2334 B:
744 2271 759 2347 ἢ
783 2273 813 2336 ού
836 2270 991 2352 φοιίνοντού
1012 2293 1053 2334 σοι
1078 2272 1192 2337 eacan

178 2391 347 2473 ἕργύζεσύοοι
382 2392 489 2462 τούτοις
524 2391 575 2473 (sc.
608 2398 667 2461 τοῖς
702 2388 851 2473 κύρινουσι)
885 2396 939 2454 τῶν
974 2389 1085 2454 πύλειον
1121 2389 1191 2456 ὅσου

179 2516 274 2582 κοινῶς
298 2508 514 2587 πολιτευόμενοι
538 2509 809 2590 προαγορεύουσι
838 2517 909 2581 τοῖς
933 2515 1102 2579 πολιτοῑς
1126 2511 1191 2584 τὴν

180 2631 243 2707 μὲν
273 2628 498 2693 κοοτούστοισιν
529 2635 590 2701 τῆς
621 2626 754 2699 πόλεως
785 2624 866 2703 ύλιρν
900 2629 947 2704 μὴ
982 2633 1108 2708 κινεῖν,
1143 2629 1191 2700 ὥς

180 2748 459 2820 ύπούκνούμενος
483 2745 601 2831 tetro?
623 2747 666 2810 ita
692 2745 781 2810 credo
789 2771 798 2822 3
822 2744 993 2809 terminatio
1016 2769 1070 2817 -νος
1096 2745 1190 2810 facile

179 2875 249 2931 nata
284 2890 300 2931 e
335 2889 379 2951 sq.
415 2865 455 2950 ὃς)
490 2865 518 2938 ὃς
550 2866 585 2930 ἂν
620 2871 702 2930 τοῦτο
737 2867 808 2948 δρᾷ·
841 2863 870 2936 ὃς
893 2864 965 2930 δ’ύιν
997 2868 1079 2946 σφοῖς
1113 2865 1189 2931 olla-co

179 2986 410 3063 πολιτευομένους
428 2984 552 3061 liltore
576 2986 747 3065 ύεροιπεύρ
769 2984 829 3049 acl
852 2983 1045 3065 χοιρίζντοιι
1069 2984 1190 3065 ύτοτρέ·

179 3128 242 3185 χιον
264 3105 313 3168 κού
340 3104 559 3186 προγιγνώσκων
582 3104 637 3175 τοὶς
659 3103 804 3186 σφετέροις
826 3103 1014 3180 βουλήσεις
1041 3101 1089 3166 κού
1115 3105 1190 3170 τού·

179 3247 235 3294 τος
266 3222 351 3294 δεινὸς
382 3221 619 3304 ᾖοὶποπλνροῦν,
642 3218 723 3293 οὗτος
747 3220 805 3301 atra
827 3221 937 3299 ούγοούύς
961 3225 987 3285 τ’
1011 3221 1092 3287 ἔσται
1115 3223 1188 3302 οὶνὴρ

72 3404 78 3414 .
180 3343 228 3406 κού
253 3341 352 3422 σύφος.
399 3339 477 3406 Cum
500 3343 548 3406 his
572 3343 597 3405 si
620 3342 804 3406 conferimus
828 3341 902 3405 haec
917 3341 1059 3426 epistolae
1073 3341 1185 3406 verba:

179 3467 238 3533 τοῖς
269 3459 357 3535 δ’ἔξιο
388 3461 420 3525 τὸ
451 3459 593 3541 τοιρούσοιν
622 3460 752 3539 βούνουσι
766 3512 773 3527 .
787 3511 817 3526 ..
848 3461 1065 3541 τροοιγορεύουσι
1091 3460 1126 3525 δὲ
1142 3441 1210 3542 τοῖ’

179 3577 353 3661 ξυμβούλῳ,
385 3578 554 3643 similitudo
585 3580 745 3663 utriusque
767 3579 827 3642 loci
849 3579 919 3643 talis
942 3587 987 3643 est
1010 3588 1045 3642 ut
1068 3579 1184 3644 nemini

179 3695 308 3761 dubium
332 3719 395 3761 esse
430 3707 521 3782 queat
552 3699 627 3782 quin
655 3699 730 3762 alter
756 3720 792 3761 ex
820 3698 914 3762 altero
942 3699 981 3761 sit
1008 3721 1183 3782 expressus,

178 3808 278 3899 iisque
300 3816 417 3880 collatis
441 3817 531 3881 simul
560 3818 634 3902 quid
658 3824 809 3883 auctorem
835 3826 864 3882 et
887 3818 1069 3882 imitatorem
1093 3819 1186 3884 inter

180 3936 220 4000 sit
243 3944 375 4020 apparet.
422 3937 461 4001 In
484 3937 620 4001 Platonis
644 3938 741 4002 verbis
765 3938 866 4002 omnia
888 3937 1036 4015 dilucide,
1060 3937 1183 4018 limate,

180 4054 333 4138 eleganter
356 4055 437 4119 dicta
460 4064 551 4133 sunt;
576 4057 608 4121 in
626 4056 753 4141 epistola
770 4058 871 4120 omnia
883 4057 1059 4141 ambagibus
1075 4057 1183 4141 plena,
