2746 4950
738 321 777 383 16

297 526 373 591 Cum
405 527 459 591 illa
481 527 609 613 epistola
631 536 746 592 ceterae
769 529 795 592 si
817 528 1033 607 conseruntur,
1067 552 1170 594 earum
1194 530 1256 615 ple·

250 669 378 731 raeque,
395 647 453 711 etsi
468 654 646 731 argumento
663 654 693 711 et
709 648 808 711 colore
823 647 893 733 plns
908 648 1047 713 minusve
1062 647 1254 736 discrepant,

250 749 320 829 cnm
350 765 403 829 illa
432 773 535 830 tamen
568 772 685 830 tantam
719 765 832 830 habent
863 767 1106 831 convenientiam
1134 774 1165 831 et
1186 790 1256 831 con-
1321 804 1329 821 .

247 884 454 968 junctionem,
486 893 522 949 nt
545 908 581 950 ex
604 908 639 950 ea
662 885 748 969 quasi
771 885 933 970 pendeant.
980 884 1019 949 In
1042 886 1184 950 omnibus
1207 886 1255 950 his
1317 875 1329 891 ”

250 1009 420 1078 tractantur
449 1026 496 1068 res
527 1027 605 1088 quae
635 1004 667 1068 in
697 1003 752 1068 illa
782 1010 836 1067 aut
865 1003 963 1068 levius
994 1012 1048 1068 aut
1083 1005 1275 1076 accuratius⁴

250 1127 422 1206 tanguntur
428 1147 438 1200 3
471 1122 504 1186 in
536 1121 677 1187 omnibns
707 1122 769 1192 lere
791 1122 871 1187 idem
895 1145 1018 1201 sensus,
1050 1122 1153 1188 eadem
1177 1125 1255 1188 ratio

251 1263 285 1304 ac
308 1241 466 1317 voluntas;
491 1241 584 1306 dictio
608 1265 731 1326 quoque
745 1242 851 1307 multis
868 1242 1004 1328 partibus
1021 1242 1138 1308 similis.
1162 1242 1253 1308 Unde
1299 1276 1307 1291 ·

252 1381 314 1423 non
337 1360 448 1446 injuria
471 1357 547 1425 effici
566 1384 653 1446 posse
668 1361 746 1426 mihi
759 1361 895 1439 videtur,
912 1362 1081 1448 Epistolam
1098 1361 1161 1426 VII
1177 1369 1257 1427 eete—

251 1480 293 1542 ris
317 1479 453 1564 exemplo
476 1480 586 1558 fuisse;
610 1480 683 1545 hine
705 1489 742 1545 nt
764 1505 780 1545 e
802 1482 886 1545 fonte
908 1481 1023 1545 rivulos
1042 1481 1174 1565 reliquas
1187 1504 1255 1545 ena·
1314 1568 1321 1579 .

252 1605 298 1660 tes
322 1620 403 1675 esse,
428 1620 538 1681 easque
561 1620 623 1662 non
647 1599 684 1664 ab
707 1622 769 1663 uno
796 1599 919 1684 quidem
945 1600 1048 1678 fabro,
1072 1607 1103 1664 at
1129 1623 1164 1663 ex
1191 1623 1254 1664 una

252 1723 354 1780 tamen
376 1716 495 1781 officina
518 1740 582 1781 esse
605 1718 754 1802 profectas
799 1717 858 1782 Res
882 1719 1017 1804 postulat
1039 1725 1075 1783 nt
1097 1719 1130 1782 id
1149 1721 1254 1804 paucis

252 1834 446 1919 explicemus,
1192 1826 1196 1834 ⁸

296 1953 451 2038 Epistolae
474 1953 538 2017 VII
561 1962 739 2040 argumento
763 1956 915 2040 proximae
938 1964 1011 2020 sunt
1034 1956 1085 2020 III
1108 1966 1139 2020 et
1161 1956 1253 2021 VIII.

249 2065 367 2137 Harum
391 2072 456 2136 ΠΡ
486 2073 614 2138 maxime
638 2075 780 2138 convenit
802 2097 871 2138 eum
895 2097 930 2138 ca
952 2081 1038 2160 parte
1060 2074 1153 2138 VIIae
1175 2098 1254 2159 quae

249 2191 282 2254 in
319 2191 479 2256 itineribus
510 2192 684 2256 enarrandis
715 2200 868 2271 versatur:
900 2193 948 2256 uti
976 2193 1050 2257 haec
1081 2193 1252 2278 apologiam

251 2309 387 2373 continet
418 2310 455 2373 ad
482 2310 590 2374 Dionis
613 2310 818 2395 propinquos,
843 2311 886 2374 sie
908 2310 962 2374 illa
985 2318 1031 2374 est
1053 2311 1192 2396 apologia
1214 2313 1256 2376 ad

250 2427 449 2512 Dionysium,
482 2451 542 2512 qua
572 2428 660 2492 Plato
684 2429 722 2493 ab
744 2428 828 2502 illins
852 2428 1113 2495 criminationibus
1133 2454 1165 2495 se
1184 2454 1254 2517 pur-

249 2553 318 2630 gat,
357 2546 474 2611 itineris
509 2547 670 2631 utriusque
707 2546 869 2632 Syracusas
907 2549 1041 2635 suscepti
1068 2551 1200 2614 rationes
1224 2558 1256 2615 et

250 2672 375 2729 eventus
399 2665 586 2752 exponendo.
633 2666 731 2730 Tanta
753 2674 799 2730 est
821 2673 923 2730 autem
946 2669 1116 2751 argumenti
1139 2677 1169 2733 et
1191 2692 1256 2733 ora·

250 2784 342 2848 tionis
376 2785 562 2863 similitudo,
595 2792 630 2849 ut
660 2787 790 2871 quisque
821 2786 923 2850 statim
955 2794 1097 2871 agnoscet
1128 2788 1251 2852 alteram

249 2925 285 2966 ex
309 2903 403 2967 altera
424 2926 535 2989 magna
558 2927 611 2990 pro
635 2912 720 2990 parte
744 2905 916 2989 decerptam
939 2912 970 2968 et
989 2928 1158 2989 expressam
1178 2929 1252 2970 csse.

250 3021 471 3107 Comparentur
493 3004 584 3087 inodo
607 3024 687 3087 inter
710 3046 741 3088 se
764 3022 797 3087 hi
820 3023 897 3088 loci:
1163 3008 1167 3018 ‚

295 3139 352 3225 Ep.
373 3138 435 3205 III.
459 3164 489 3226 p.
503 3143 566 3204 316
580 3140 680 3207 oar?
694 3141 803 3206 Il'cum
815 3141 872 3226 Ilp.
885 3141 958 3205 VII.
975 3165 1005 3226 p.
1019 3144 1082 3206 338
1124 3145 1199 3206 -340

461 3260 724 3345 partu-arsa*
757 3311 778 3340 „
913 3310 934 3341 „
981 3260 1252 3347 pertusata.

460 3402 490 3465 p.
504 3366 566 3442 319
592 3402 658 3464 sqq.
755 3429 776 3460 ‚,
910 3428 931 3459 ,‚
977 3404 1006 3466 p.
1021 3383 1084 3444 348
1097 3378 1198 3444 O·350

294 3497 433 3583 Epistola
462 3506 564 3564 autem
594 3498 693 3577 VIII,
722 3523 814 3584 quam
830 3522 994 3586 ,perperam
1017 3501 1158 3565 nonnulli
1181 3523 1252 3565 curn

249 3615 314 3680 VH
344 3617 587 3702 conjungendam
618 3625 784 3703 putarunt,
807 3619 880 3683 huic
903 3619 1001 3683 affinis
1025 3626 1145 3697 esico,
1170 3619 1252 3703 quod

249 3735 376 3798 consilia
407 3737 439 3800 in
469 3737 569 3822 priore
601 3737 728 3822 epistola
757 3737 866 3802 Dionis
897 3738 1000 3802 amicis
1031 3738 1103 3802 data
1133 3763 1163 3824 p.
1188 3741 1252 3803 336

249 3852 447 3933 Β-33711,
471 3855 504 3919 in
526 3854 583 3919 hac
606 3855 699 3921 latius
722 3862 753 3921 et
775 3857 912 3921 ornatius
936 3865 1139 3942 exponuntur.

294 3969 404 4055 Itaque
436 3978 496 4036 tres
527 3974 583 4037 hae
607 3973 752 4059 epistolae
784 3982 819 4039 ut
842 3968 1020 4059 argumento
1044 3976 1088 4039 ita
1110 3975 1253 4040 dictionis

249 4089 349 4152 colore
371 4089 446 4154 adeo
470 4091 583 4156 similes
603 4100 693 4171 sunt,
724 4100 761 4157 ut
783 4093 821 4157 ab
837 4116 899 4158 uno
915 4100 1037 4157 auctore
1053 4093 1171 4178 possint
1185 4117 1250 4159 esse
