2746 4950
643 282 680 345 19

156 488 237 552 idem
267 496 387 574 tempus
418 454 547 574 scriptae
570 491 739 574 fingantur,
771 513 879 575 nempe
895 457 972 576 'post
994 491 1160 554 discessum

154 606 291 670 Platonis
323 608 360 672 ab
391 609 485 671 altera
509 608 695 693 profectione
723 608 760 671 ad
791 608 974 694 Dionysium
1002 611 1158 674 minorem.

155 725 247 806 Quod
278 735 404 813 apparet
434 751 470 791 ex
500 751 552 806 eo,
585 728 668 811 quod
699 728 787 791 initio
819 729 964 812 epistolae
987 729 1102 792 mentio
1126 730 1161 791 fit

157 844 195 908 dc
225 867 390 929 congressu
420 845 557 910 Platonis
589 870 658 910 cum
690 846 789 910 Dione
813 847 938 930 eiusque
962 847 1162 911 familiaribus

158 963 238 1027 ludis
263 963 414 1050 Olympiis
437 966 560 1044 habito,
586 988 676 1049 quem
692 989 888 1050 congressum
903 966 1004 1029 locum
1020 966 1162 1030 habuisse

47 1077 60 1143 .’
158 1092 227 1166 post
250 1083 383 1146 reditum
405 1083 542 1147 Platonis
566 1084 603 1148 ab
627 1085 737 1148 ultimo
752 1085 860 1148 itinere
876 1085 1010 1148 ostendit
1025 1083 1163 1170 Epistola

80 1261 83 1266 .
158 1199 238 1278 VII,
262 1224 291 1285 p.
318 1203 381 1264 350
406 1202 441 1265 B.
489 1201 570 1287 Ergo
594 1202 699 1280 ambae
723 1203 779 1267 hae
807 1203 952 1287 epistolae
969 1203 1074 1266 eodem
1090 1211 1165 1269 tem-

157 1343 230 1404 pore
253 1321 382 1406 scriptae
405 1322 581 1405 finguntur,
612 1323 670 1385 nisi
699 1323 834 1386 dicamus
859 1321 1014 1406 Epistolae
1038 1322 1072 1385 Π
1096 1345 1164 1385 auc·

157 1445 254 1504 torem
276 1440 361 1524 gravi
383 1447 552 1525 temporum
568 1442 739 1525 ignorantia
754 1442 972 1528 lapsum-csse.
1008 1441 1165 1506 Praeterea

158 1559 282 1622 initium
311 1558 368 1643 Ep.
393 1559 443 1622 H:
468 1557 548 1632 οὗτος
575 1562 603 1624 δὲ
626 1562 748 1638 ἑλάνας
771 1561 918 1638 σημαίνει,
942 1557 984 1626 δ’νν
1007 1562 1056 1626 οὐκ
1080 1562 1163 1642 ἄρχω

158 1684 213 1742 τῶν
226 1673 303 1756 caat
316 1679 478 1754 ἐπιτηδείων
491 1681 552 1764 (np.
564 1680 680 1763 Δίωνος)
687 1729 697 1758 ,
715 1703 889 1764 expressum
906 1688 951 1744 est
967 1702 1003 1742 ex
1018 1679 1076 1764 Ep.
1088 1679 1162 1756 VII,

159 1819 188 1880 p.
206 1799 268 1861 347
287 1796 313 1859 B
331 1796 373 1874 C,
391 1797 444 1860 ubi
460 1797 548 1860 Plato
566 1798 714 1881 Dionysio
727 1798 818 1875 dicit,
832 1798 1022 1862 conditiones
1031 1800 1164 1883 proposi-

158 1923 204 1978 tas
217 1915 254 1978 de
267 1916 425 2000 partienda
436 1916 544 1980 Dionis
556 1940 587 1980 rc
600 1917 741 1981 familiari
757 1917 815 1981 sibi
831 1917 958 2001 placere,
976 1916 1052 1979 velle
1060 1925 1163 1980 tamen

158 2035 244 2120 prius
274 2035 405 2099 Dionem
437 2059 489 2120 per
519 2037 620 2099 literas
651 2036 786 2100 consuli:
821 2035 891 2112 αξνῶ
922 2038 979 2110 μὴν
1006 2039 1047 2113 μὴ
1076 2038 1164 2116 κύριον

160 2154 293 2230 ἡγεῖσθαί
314 2180 348 2219 σε
371 2155 475 2226 Δίωνος
498 2155 559 2232 ἐμέ.
595 2155 664 2219 Hoc
686 2155 809 2239 quidem
832 2154 899 2217 loco
914 2153 947 2217 id
963 2161 1032 2238 apte
1048 2154 1163 2217 dictum

160 2278 221 2348 est,
246 2271 298 2334 sed
319 2272 350 2335 in
367 2271 462 2335 altera
478 2272 604 2355 epistola
620 2273 739 2356 inepte,
757 2279 793 2335 ut
807 2271 991 2335 imitatorem
1007 2293 1161 2355 agnoscas.

109 2426 121 2442 ·
159 2390 238 2454 ltem
269 2391 345 2454 alter
374 2390 461 2454 locus
489 2415 518 2474 p.
550 2393 612 2454 310
642 2391 685 2468 E,
715 2391 769 2455 ubi
800 2391 837 2455 de
860 2390 1008 2475 Dionysio
1032 2390 1161 2454 dicitur:

159 2510 274 2588 attane
297 2509 418 2586 ξνννὲναν
442 2513 481 2582 εἷς
505 2510 596 2575 ταύτὸ
618 2509 752 2591 φρόνησίς
774 2510 872 2575 τεκαὶ
889 2510 1011 2586 δύναμις
1027 2509 1163 2586 μεγαλα,

160 2628 276 2691 effictus
300 2636 346 2691 est
368 2650 403 2691 er
428 2627 508 2706 VH,
533 2652 562 2713 p.
588 2630 650 2691 335
675 2628 722 2706 D,
746 2628 800 2692 nbi
819 2628 899 2691 idem
917 2628 969 2691 ille
985 2627 1163 2703 dicituras-

159 2747 263 2824 γίσννν
283 2747 402 2824 δύναμιν
421 2748 513 2827 ἔχων,
532 2748 560 2810 ἐν
580 2744 597 2829 ᾗ
613 2749 750 2824 γενομένη
762 2747 926 2828 φιλοσοφία
937 2745 1031 2810 τεκαὶ
1044 2746 1163 2823 δύναμις

159 2863 243 2936 ὄντας
266 2866 294 2928 ἐν
317 2866 415 2946 ταύτῷ
430 2913 436 2928 .
452 2912 480 2927 ..
504 2862 673 2944 λάμψασαν
698 2863 729 2946 (l.
753 2863 895 2944 adpdac'
916 2865 963 2947 clv)
979 2863 1063 2939 δόξαν
1079 2864 1164 2944 παρέ-

160 3008 264 3059 oraret
287 2985 347 3047 κνὲ.
394 2983 509 3047 Verum
541 2983 623 3067 quod
652 2982 709 3046 hoc
743 2983 810 3046 loco
834 2983 908 3046 dicit
931 3006 962 3046 se
986 2990 1107 3067 optare,
1131 2983 1163 3045 id

159 3101 191 3164 in
214 3100 309 3164 altero
332 3101 399 3164 loco
422 3103 509 3184 quasi
532 3124 636 3164 verum
660 3101 763 3186 ponit,
781 3102 864 3185 quod
880 3101 970 3186 plane
986 3123 1072 3164 secus
1090 3109 1162 3164 erat.

159 3219 268 3302 Itaque
298 3219 373 3282 haec
401 3219 545 3304 epistola,
574 3229 610 3282 ut
637 3220 766 3282 conflata
794 3227 839 3282 cst
866 3218 905 3281 ad
932 3217 1164 3282 similitudinem

160 3336 265 3415 vlle,
297 3338 342 3400 ita
364 3336 515 3401 rhetorem
539 3337 641 3422 prodit
668 3345 730 3400 tarn
757 3337 908 3401 scribendi
935 3337 1042 3421 peritia
1072 3359 1165 3419 quam

160 3479 261 3520 rerum
284 3456 411 3520 scicntia
434 3456 521 3519 alteri
544 3456 634 3539 longe
658 3455 913 3540 postponendum.

205 3575 319 3639 Peioris
342 3585 432 3639 notae
456 3581 529 3638 sunt
548 3574 682 3658 reliquae
700 3573 778 3638 duae
795 3574 833 3637 ad
849 3574 1032 3658 Dionysium
1047 3573 1165 3658 Episto-

158 3693 221 3772 lac‚
253 3693 270 3757 Ι
300 3702 331 3757 ct
357 3693 449 3757 ΧΠΙ.
494 3694 597 3758 Prima
628 3694 764 3758 continet
784 3716 882 3757 acrem
904 3693 1165 3778 exprobrationem

159 3812 315 3897 Dionysio,
329 3812 411 3895 quod
427 3811 586 3876 Platonem
600 3813 713 3896 optime
729 3812 766 3875 de
778 3834 809 3874 sc
822 3812 964 3875 meritum
976 3818 1039 3874 tam
1050 3812 1162 3887 ατίμως

160 3931 324 3995 dimisisset
331 3956 340 4008 3
361 3930 452 3994 simul
473 3931 618 3994 viaticum
643 3937 800 4015 acceptum
825 3929 853 3993 ei
875 3929 1004 3992 remittit
1021 3936 1051 3992 et
1068 3936 1165 4014 tyran·

161 4072 233 4112 num
257 4049 410 4112 desertum
434 4049 472 4112 ab
495 4048 598 4112 amicis
622 4049 720 4137 valera
740 4048 837 4133 jubet.
881 4046 1000 4111 Montio
1024 4048 1124 4111 viatici
1149 4072 1165 4109 a

1003 4165 1047 4222 2*
