<?xml version="1.0" encoding="UTF-8"?>
<!DOCTYPE html PUBLIC "-//W3C//DTD XHTML 1.0 Transitional//EN"
    "http://www.w3.org/TR/xhtml1/DTD/xhtml1-transitional.dtd">
<html xmlns="http://www.w3.org/1999/xhtml" xml:lang="en" lang="en">
 <head>
  <title>
</title>
<meta http-equiv="Content-Type" content="text/html;charset=utf-8" />
  <meta name='ocr-system' content='tesseract 3.04.00' />
  <meta name='ocr-capabilities' content='ocr_page ocr_carea ocr_par ocr_line ocrx_word'/>
</head>
<body>
  <div class='ocr_page' id='page_1' title='image "./commentatiocrit00karsgoog_0255.png"; bbox 0 0 2746 4950; ppageno 0'>
   <div class='ocr_carea' id='block_1_1' title="bbox 648 375 711 437">
    <p class='ocr_par' dir='ltr' id='par_1_1' title="bbox 648 375 711 437">
     <span class='ocr_line' id='line_1_1' title="bbox 648 375 711 437; baseline 0.016 -2"><span class='ocrx_word' id='word_1_1' title='bbox 648 375 711 437; x_wconf 78' lang='lat'><strong>214</strong></span> 
     </span>
    </p>
   </div>
   <div class='ocr_carea' id='block_1_2' title="bbox 175 581 1195 1498">
    <p class='ocr_par' dir='ltr' id='par_1_2' title="bbox 175 581 1195 1498">
     <span class='ocr_line' id='line_1_2' title="bbox 175 581 1195 669; baseline -0.002 -19"><span class='ocrx_word' id='word_1_2' title='bbox 175 594 205 650; x_wconf 90' lang='lat' dir='ltr'><strong>et</strong></span> <span class='ocrx_word' id='word_1_3' title='bbox 221 583 386 668; x_wconf 83' lang='lat' dir='ltr'><strong>indagandi</strong></span> <span class='ocrx_word' id='word_1_4' title='bbox 403 583 539 647; x_wconf 89' lang='lat' dir='ltr'><strong>libertate</strong></span> <span class='ocrx_word' id='word_1_5' title='bbox 558 603 659 666; x_wconf 87' lang='lat' dir='ltr'><strong>parem</strong></span> <span class='ocrx_word' id='word_1_6' title='bbox 676 581 879 666; x_wconf 83' lang='lat' dir='ltr'><strong>coujmrgebat</strong></span> <span class='ocrx_word' id='word_1_7' title='bbox 892 582 922 645; x_wconf 92' lang='lat' dir='ltr'><strong>iu</strong></span> <span class='ocrx_word' id='word_1_8' title='bbox 935 583 1195 669; x_wconf 82' lang='lat' dir='ltr'><strong>philosophando</strong></span> 
     </span>
     <span class='ocr_line' id='line_1_3' title="bbox 175 699 1194 787; baseline 0 -21"><span class='ocrx_word' id='word_1_9' title='bbox 175 703 354 767; x_wconf 76' lang='lat' dir='ltr'><strong>modestiam</strong></span> <span class='ocrx_word' id='word_1_10' title='bbox 379 709 409 764; x_wconf 89' lang='lat' dir='ltr'><strong>et</strong></span> <span class='ocrx_word' id='word_1_11' title='bbox 431 700 625 784; x_wconf 83' lang='lat' dir='ltr'><strong>religionem,</strong></span> <span class='ocrx_word' id='word_1_12' title='bbox 650 699 772 783; x_wconf 77' lang='lat' dir='ltr'><strong>agirovit</strong></span> <span class='ocrx_word' id='word_1_13' title='bbox 790 699 899 763; x_wconf 88' lang='lat' dir='ltr'><strong>ultima</strong></span> <span class='ocrx_word' id='word_1_14' title='bbox 913 723 1019 764; x_wconf 87' lang='lat' dir='ltr'><strong>rerum</strong></span> <span class='ocrx_word' id='word_1_15' title='bbox 1038 702 1194 787; x_wconf 87' lang='lat' dir='ltr'><strong>principia</strong></span> 
     </span>
     <span class='ocr_line' id='line_1_4' title="bbox 176 817 1193 903; baseline 0 -19"><span class='ocrx_word' id='word_1_16' title='bbox 176 821 294 884; x_wconf 88' lang='lat' dir='ltr'><strong>occulta</strong></span> <span class='ocrx_word' id='word_1_17' title='bbox 329 842 393 882; x_wconf 89' lang='lat' dir='ltr'><strong>esse</strong></span> <span class='ocrx_word' id='word_1_18' title='bbox 415 817 594 882; x_wconf 84' lang='lat' dir='ltr'><strong>mortalibus</strong></span> <span class='ocrx_word' id='word_1_19' title='bbox 618 838 713 900; x_wconf 88' lang='lat' dir='ltr'><strong>eaque</strong></span> <span class='ocrx_word' id='word_1_20' title='bbox 734 817 844 879; x_wconf 86' lang='lat' dir='ltr'><strong>mentis</strong></span> <span class='ocrx_word' id='word_1_21' title='bbox 867 818 962 882; x_wconf 87' lang='lat' dir='ltr'><strong>aciem</strong></span> <span class='ocrx_word' id='word_1_22' title='bbox 985 819 1101 903; x_wconf 84' lang='lat' dir='ltr'><strong>fugere</strong></span> <span class='ocrx_word' id='word_1_23' title='bbox 1136 843 1193 884; x_wconf 82' lang='lat' dir='ltr'><strong>nec</strong></span> 
     </span>
     <span class='ocr_line' id='line_1_5' title="bbox 177 935 1190 1019; baseline 0 -17"><span class='ocrx_word' id='word_1_24' title='bbox 177 939 234 1003; x_wconf 92' lang='lat' dir='ltr'><strong>nisi</strong></span> <span class='ocrx_word' id='word_1_25' title='bbox 258 937 422 1002; x_wconf 89' lang='lat' dir='ltr'><strong>divinando</strong></span> <span class='ocrx_word' id='word_1_26' title='bbox 445 937 482 1001; x_wconf 89' lang='lat' dir='ltr'><strong>de</strong></span> <span class='ocrx_word' id='word_1_27' title='bbox 506 937 553 999; x_wconf 92' lang='lat' dir='ltr'><strong>his</strong></span> <span class='ocrx_word' id='word_1_28' title='bbox 576 935 718 1019; x_wconf 86' lang='lat' dir='ltr'><strong>augurari</strong></span> <span class='ocrx_word' id='word_1_29' title='bbox 739 957 915 999; x_wconf 89' lang='lat' dir='ltr'><strong>concessum</strong></span> <span class='ocrx_word' id='word_1_30' title='bbox 932 959 1014 1014; x_wconf 86' lang='lat' dir='ltr'><strong>esse,</strong></span> <span class='ocrx_word' id='word_1_31' title='bbox 1034 960 1102 1002; x_wconf 87' lang='lat' dir='ltr'><strong>non</strong></span> <span class='ocrx_word' id='word_1_32' title='bbox 1118 961 1190 1003; x_wconf 86' lang='lat' dir='ltr'><strong>vero</strong></span> 
     </span>
     <span class='ocr_line' id='line_1_6' title="bbox 177 1056 1193 1144; baseline 0.001 -20"><span class='ocrx_word' id='word_1_33' title='bbox 177 1083 212 1124; x_wconf 87' lang='lat' dir='ltr'><strong>ea</strong></span> <span class='ocrx_word' id='word_1_34' title='bbox 231 1081 308 1143; x_wconf 70' lang='lat' dir='ltr'><strong>&lt;puae</strong></span> <span class='ocrx_word' id='word_1_35' title='bbox 332 1058 449 1121; x_wconf 86' lang='lat' dir='ltr'><strong>ratione</strong></span> <span class='ocrx_word' id='word_1_36' title='bbox 472 1056 648 1140; x_wconf 87' lang='lat' dir='ltr'><strong>investigari</strong></span> <span class='ocrx_word' id='word_1_37' title='bbox 672 1078 706 1119; x_wconf 89' lang='lat' dir='ltr'><strong>ac</strong></span> <span class='ocrx_word' id='word_1_38' title='bbox 730 1063 830 1120; x_wconf 89' lang='lat' dir='ltr'><strong>mente</strong></span> <span class='ocrx_word' id='word_1_39' title='bbox 854 1056 1076 1141; x_wconf 82' lang='lat' dir='ltr'><strong>comprehendi</strong></span> <span class='ocrx_word' id='word_1_40' title='bbox 1101 1083 1193 1144; x_wconf 90' lang='lat' dir='ltr'><strong>posse</strong></span> 
     </span>
     <span class='ocr_line' id='line_1_7' title="bbox 176 1175 1194 1264; baseline 0.003 -23"><span class='ocrx_word' id='word_1_41' title='bbox 176 1185 312 1264; x_wconf 86' lang='lat' dir='ltr'><strong>putaret,</strong></span> <span class='ocrx_word' id='word_1_42' title='bbox 337 1175 501 1240; x_wconf 81' lang='lat' dir='ltr'><strong>occultavit</strong></span> <span class='ocrx_word' id='word_1_43' title='bbox 524 1184 554 1238; x_wconf 91' lang='lat' dir='ltr'><strong>et</strong></span> <span class='ocrx_word' id='word_1_44' title='bbox 578 1175 664 1259; x_wconf 88' lang='lat' dir='ltr'><strong>quasi</strong></span> <span class='ocrx_word' id='word_1_45' title='bbox 687 1176 719 1239; x_wconf 92' lang='lat' dir='ltr'><strong>in</strong></span> <span class='ocrx_word' id='word_1_46' title='bbox 735 1175 900 1261; x_wconf 88' lang='lat' dir='ltr'><strong>penetralia</strong></span> <span class='ocrx_word' id='word_1_47' title='bbox 916 1175 1037 1241; x_wconf 89' lang='lat' dir='ltr'><strong>abdidit</strong></span> <span class='ocrx_word' id='word_1_48' title='bbox 1055 1178 1097 1242; x_wconf 84' lang='lat' dir='ltr'><strong>ad</strong></span> <span class='ocrx_word' id='word_1_49' title='bbox 1114 1201 1194 1263; x_wconf 85' lang='lat' dir='ltr'><strong>quae</strong></span> 
     </span>
     <span class='ocr_line' id='line_1_8' title="bbox 176 1292 1195 1377; baseline 0.003 -18"><span class='ocrx_word' id='word_1_50' title='bbox 176 1296 304 1360; x_wconf 88' lang='lat' dir='ltr'><strong>initiatis</strong></span> <span class='ocrx_word' id='word_1_51' title='bbox 342 1304 461 1358; x_wconf 87' lang='lat' dir='ltr'><strong>tantum</strong></span> <span class='ocrx_word' id='word_1_52' title='bbox 499 1293 601 1357; x_wconf 89' lang='lat' dir='ltr'><strong>aditus</strong></span> <span class='ocrx_word' id='word_1_53' title='bbox 633 1302 759 1377; x_wconf 86' lang='lat' dir='ltr'><strong>pateret.</strong></span> <span class='ocrx_word' id='word_1_54' title='bbox 806 1292 1001 1359; x_wconf 81' lang='lat' dir='ltr'><strong>Contrarium</strong></span> <span class='ocrx_word' id='word_1_55' title='bbox 1034 1306 1195 1362; x_wconf 87' lang='lat' dir='ltr'><strong>testantur</strong></span> 
     </span>
     <span class='ocr_line' id='line_1_9' title="bbox 177 1414 387 1498; baseline -0.014 -19"><span class='ocrx_word' id='word_1_56' title='bbox 177 1417 242 1479; x_wconf 86' lang='lat' dir='ltr'><strong>eius</strong></span> <span class='ocrx_word' id='word_1_57' title='bbox 266 1414 387 1498; x_wconf 71' lang='lat' dir='ltr'><strong>scripta,</strong></span> 
     </span>
    </p>
   </div>
   <div class='ocr_carea' id='block_1_3' title="bbox 222 1530 1194 1623">
    <p class='ocr_par' dir='ltr' id='par_1_3' title="bbox 222 1530 1194 1623">
     <span class='ocr_line' id='line_1_10' title="bbox 222 1530 1194 1623; baseline 0.002 -27"><span class='ocrx_word' id='word_1_58' title='bbox 222 1532 306 1613; x_wconf 74' lang='lat' dir='ltr'><strong>Quid</strong></span> <span class='ocrx_word' id='word_1_59' title='bbox 335 1533 456 1616; x_wconf 84' lang='lat' dir='ltr'><strong>gravius</strong></span> <span class='ocrx_word' id='word_1_60' title='bbox 488 1541 517 1594; x_wconf 89' lang='lat' dir='ltr'><strong>et</strong></span> <span class='ocrx_word' id='word_1_61' title='bbox 547 1531 656 1594; x_wconf 86' lang='lat' dir='ltr'><strong>celsius.</strong></span> <span class='ocrx_word' id='word_1_62' title='bbox 687 1531 821 1623; x_wconf 80' lang='lat' dir='ltr'><strong>magisve</strong></span> <span class='ocrx_word' id='word_1_63' title='bbox 843 1530 1034 1595; x_wconf 87' lang='lat' dir='ltr'><strong>reconditum</strong></span> <span class='ocrx_word' id='word_1_64' title='bbox 1062 1535 1194 1618; x_wconf 86' lang='lat' dir='ltr'><strong>cogitari</strong></span> 
     </span>
    </p>
   </div>
   <div class='ocr_carea' id='block_1_4' title="bbox 177 1649 1200 3521">
    <p class='ocr_par' dir='ltr' id='par_1_4' title="bbox 177 1649 1200 3521">
     <span class='ocr_line' id='line_1_11' title="bbox 180 1649 1197 1739; baseline 0.001 -22"><span class='ocrx_word' id='word_1_65' title='bbox 180 1660 277 1739; x_wconf 85' lang='lat' dir='ltr'><strong>potest</strong></span> <span class='ocrx_word' id='word_1_66' title='bbox 308 1674 400 1734; x_wconf 90' lang='lat' dir='ltr'><strong>quam</strong></span> <span class='ocrx_word' id='word_1_67' title='bbox 422 1673 457 1715; x_wconf 86' lang='lat' dir='ltr'><strong>ea</strong></span> <span class='ocrx_word' id='word_1_68' title='bbox 480 1673 557 1734; x_wconf 89' lang='lat' dir='ltr'><strong>quae</strong></span> <span class='ocrx_word' id='word_1_69' title='bbox 581 1652 613 1713; x_wconf 95' lang='lat' dir='ltr'><strong>in</strong></span> <span class='ocrx_word' id='word_1_70' title='bbox 637 1649 791 1727; x_wconf 87' lang='lat' dir='ltr'><strong>Phaedro,</strong></span> <span class='ocrx_word' id='word_1_71' title='bbox 817 1649 849 1712; x_wconf 91' lang='lat' dir='ltr'><strong>in</strong></span> <span class='ocrx_word' id='word_1_72' title='bbox 872 1649 1057 1729; x_wconf 84' lang='lat' dir='ltr'><strong>Phaedone,</strong></span> <span class='ocrx_word' id='word_1_73' title='bbox 1084 1653 1119 1716; x_wconf 89' lang='lat' dir='ltr'><strong>in</strong></span> <span class='ocrx_word' id='word_1_74' title='bbox 1146 1653 1197 1718; x_wconf 78' lang='lat' dir='ltr'><strong>Ti·</strong></span> 
     </span>
     <span class='ocr_line' id='line_1_12' title="bbox 177 1767 1195 1859; baseline -0.001 -22"><span class='ocrx_word' id='word_1_75' title='bbox 177 1793 281 1849; x_wconf 82' lang='lat' dir='ltr'><strong>maen,</strong></span> <span class='ocrx_word' id='word_1_76' title='bbox 301 1770 390 1847; x_wconf 87' lang='lat' dir='ltr'><strong>alibi,</strong></span> <span class='ocrx_word' id='word_1_77' title='bbox 412 1769 449 1859; x_wconf 87' lang='lat' dir='ltr'><strong>de</strong></span> <span class='ocrx_word' id='word_1_78' title='bbox 465 1771 581 1845; x_wconf 88' lang='lat' dir='ltr'><strong>anima,</strong></span> <span class='ocrx_word' id='word_1_79' title='bbox 607 1768 644 1831; x_wconf 90' lang='lat' dir='ltr'><strong>de</strong></span> <span class='ocrx_word' id='word_1_80' title='bbox 669 1768 744 1845; x_wconf 86' lang='lat' dir='ltr'><strong>deo,</strong></span> <span class='ocrx_word' id='word_1_81' title='bbox 769 1767 806 1832; x_wconf 90' lang='lat' dir='ltr'><strong>de</strong></span> <span class='ocrx_word' id='word_1_82' title='bbox 831 1769 964 1833; x_wconf 87' lang='lat' dir='ltr'><strong>universi</strong></span> <span class='ocrx_word' id='word_1_83' title='bbox 988 1769 1131 1854; x_wconf 86' lang='lat' dir='ltr'><strong>origine,</strong></span> <span class='ocrx_word' id='word_1_84' title='bbox 1156 1771 1195 1836; x_wconf 88' lang='lat' dir='ltr'><strong>de</strong></span> 
     </span>
     <span class='ocr_line' id='line_1_13' title="bbox 178 1886 1194 1973; baseline -0.001 -18"><span class='ocrx_word' id='word_1_85' title='bbox 178 1889 405 1956; x_wconf 87' lang='lat' dir='ltr'><strong>immortalitate</strong></span> <span class='ocrx_word' id='word_1_86' title='bbox 436 1888 592 1973; x_wconf 89' lang='lat' dir='ltr'><strong>disputata</strong></span> <span class='ocrx_word' id='word_1_87' title='bbox 621 1886 789 1972; x_wconf 84' lang='lat' dir='ltr'><strong>leguntur?</strong></span> <span class='ocrx_word' id='word_1_88' title='bbox 835 1886 919 1967; x_wconf 77' lang='lat' dir='ltr'><strong>Quid</strong></span> <span class='ocrx_word' id='word_1_89' title='bbox 950 1896 1053 1953; x_wconf 84' lang='lat' dir='ltr'><strong>autem</strong></span> <span class='ocrx_word' id='word_1_90' title='bbox 1085 1889 1194 1969; x_wconf 89' lang='lat' dir='ltr'><strong>Plato,</strong></span> 
     </span>
     <span class='ocr_line' id='line_1_14' title="bbox 179 2005 1196 2093; baseline -0.003 -18"><span class='ocrx_word' id='word_1_91' title='bbox 179 2011 205 2075; x_wconf 90' lang='lat' dir='ltr'><strong>si</strong></span> <span class='ocrx_word' id='word_1_92' title='bbox 228 2010 302 2073; x_wconf 91' lang='lat' dir='ltr'><strong>talia</strong></span> <span class='ocrx_word' id='word_1_93' title='bbox 325 2008 503 2093; x_wconf 87' lang='lat' dir='ltr'><strong>divulgavit,</strong></span> <span class='ocrx_word' id='word_1_94' title='bbox 520 2008 632 2070; x_wconf 89' lang='lat' dir='ltr'><strong>scholis</strong></span> <span class='ocrx_word' id='word_1_95' title='bbox 646 2028 812 2070; x_wconf 84' lang='lat' dir='ltr'><strong>reservasse</strong></span> <span class='ocrx_word' id='word_1_96' title='bbox 824 2005 979 2091; x_wconf 86' lang='lat' dir='ltr'><strong>putandus</strong></span> <span class='ocrx_word' id='word_1_97' title='bbox 996 2007 1066 2070; x_wconf 82' lang='lat' dir='ltr'><strong>est?</strong></span> <span class='ocrx_word' id='word_1_98' title='bbox 1079 2008 1104 2092; x_wconf 83' lang='lat'><strong>¹)</strong></span> <span class='ocrx_word' id='word_1_99' title='bbox 1130 2011 1196 2072; x_wconf 83' lang='lat' dir='ltr'><strong>Aut</strong></span> 
     </span>
     <span class='ocr_line' id='line_1_15' title="bbox 181 2124 1196 2213; baseline 0 -21"><span class='ocrx_word' id='word_1_100' title='bbox 181 2129 249 2213; x_wconf 92' lang='lat' dir='ltr'><strong>quis</strong></span> <span class='ocrx_word' id='word_1_101' title='bbox 269 2127 372 2191; x_wconf 88' lang='lat' dir='ltr'><strong>credat</strong></span> <span class='ocrx_word' id='word_1_102' title='bbox 386 2128 445 2190; x_wconf 89' lang='lat' dir='ltr'><strong>ista</strong></span> <span class='ocrx_word' id='word_1_103' title='bbox 461 2126 586 2211; x_wconf 81' lang='lat' dir='ltr'><strong>profano</strong></span> <span class='ocrx_word' id='word_1_104' title='bbox 610 2134 641 2189; x_wconf 87' lang='lat' dir='ltr'><strong>et</strong></span> <span class='ocrx_word' id='word_1_105' title='bbox 663 2124 787 2189; x_wconf 89' lang='lat' dir='ltr'><strong>indocto</strong></span> <span class='ocrx_word' id='word_1_106' title='bbox 812 2125 920 2210; x_wconf 87' lang='lat' dir='ltr'><strong>vulgo,</strong></span> <span class='ocrx_word' id='word_1_107' title='bbox 936 2147 992 2189; x_wconf 89' lang='lat' dir='ltr'><strong>nec</strong></span> <span class='ocrx_word' id='word_1_108' title='bbox 1005 2128 1115 2210; x_wconf 87' lang='lat' dir='ltr'><strong>potius</strong></span> <span class='ocrx_word' id='word_1_109' title='bbox 1128 2151 1196 2192; x_wconf 87' lang='lat' dir='ltr'><strong>eru·</strong></span> 
     </span>
     <span class='ocr_line' id='line_1_16' title="bbox 181 2243 1194 2330; baseline 0.001 -21"><span class='ocrx_word' id='word_1_110' title='bbox 181 2247 329 2310; x_wconf 90' lang='lat' dir='ltr'><strong>ditissimo</strong></span> <span class='ocrx_word' id='word_1_111' title='bbox 353 2252 384 2309; x_wconf 88' lang='lat' dir='ltr'><strong>et</strong></span> <span class='ocrx_word' id='word_1_112' title='bbox 407 2244 628 2330; x_wconf 89' lang='lat' dir='ltr'><strong>sapientissimo</strong></span> <span class='ocrx_word' id='word_1_113' title='bbox 651 2243 762 2326; x_wconf 88' lang='lat' dir='ltr'><strong>cuique</strong></span> <span class='ocrx_word' id='word_1_114' title='bbox 784 2243 935 2306; x_wconf 90' lang='lat' dir='ltr'><strong>destinata</strong></span> <span class='ocrx_word' id='word_1_115' title='bbox 949 2243 1067 2307; x_wconf 80' lang='lat' dir='ltr'><strong>fuisse?</strong></span> <span class='ocrx_word' id='word_1_116' title='bbox 1102 2243 1194 2330; x_wconf 90' lang='lat' dir='ltr'><strong>Opus</strong></span> 
     </span>
     <span class='ocr_line' id='line_1_17' title="bbox 182 2362 1194 2449; baseline -0.002 -19"><span class='ocrx_word' id='word_1_117' title='bbox 182 2376 284 2430; x_wconf 86' lang='lat' dir='ltr'><strong>autem</strong></span> <span class='ocrx_word' id='word_1_118' title='bbox 300 2365 337 2429; x_wconf 89' lang='lat' dir='ltr'><strong>de</strong></span> <span class='ocrx_word' id='word_1_119' title='bbox 353 2364 534 2449; x_wconf 86' lang='lat' dir='ltr'><strong>Republica,</strong></span> <span class='ocrx_word' id='word_1_120' title='bbox 551 2369 784 2427; x_wconf 88' lang='lat' dir='ltr'><strong>monumentum</strong></span> <span class='ocrx_word' id='word_1_121' title='bbox 799 2362 988 2438; x_wconf 86' lang='lat' dir='ltr'><strong>immortale,</strong></span> <span class='ocrx_word' id='word_1_122' title='bbox 1011 2384 1073 2446; x_wconf 91' lang='lat' dir='ltr'><strong>quo</strong></span> <span class='ocrx_word' id='word_1_123' title='bbox 1092 2365 1194 2428; x_wconf 90' lang='lat' dir='ltr'><strong>omnis</strong></span> 
     </span>
     <span class='ocr_line' id='line_1_18' title="bbox 182 2480 1195 2568; baseline -0.001 -20"><span class='ocrx_word' id='word_1_124' title='bbox 182 2507 254 2548; x_wconf 89' lang='lat' dir='ltr'><strong>suae</strong></span> <span class='ocrx_word' id='word_1_125' title='bbox 278 2482 488 2568; x_wconf 81' lang='lat' dir='ltr'><strong>philosophiae</strong></span> <span class='ocrx_word' id='word_1_126' title='bbox 513 2482 600 2564; x_wconf 89' lang='lat' dir='ltr'><strong>quasi</strong></span> <span class='ocrx_word' id='word_1_127' title='bbox 624 2503 773 2545; x_wconf 90' lang='lat' dir='ltr'><strong>summam</strong></span> <span class='ocrx_word' id='word_1_128' title='bbox 797 2480 972 2565; x_wconf 86' lang='lat' dir='ltr'><strong>complexus</strong></span> <span class='ocrx_word' id='word_1_129' title='bbox 996 2490 1056 2558; x_wconf 90' lang='lat' dir='ltr'><strong>est,</strong></span> <span class='ocrx_word' id='word_1_130' title='bbox 1084 2480 1118 2545; x_wconf 92' lang='lat' dir='ltr'><strong>id</strong></span> <span class='ocrx_word' id='word_1_131' title='bbox 1135 2483 1195 2547; x_wconf 89' lang='lat' dir='ltr'><strong>cla·</strong></span> 
     </span>
     <span class='ocr_line' id='line_1_19' title="bbox 182 2599 1194 2685; baseline -0.001 -17"><span class='ocrx_word' id='word_1_132' title='bbox 182 2612 245 2669; x_wconf 90' lang='lat' dir='ltr'><strong>mat</strong></span> <span class='ocrx_word' id='word_1_133' title='bbox 267 2613 364 2680; x_wconf 90' lang='lat' dir='ltr'><strong>certe,</strong></span> <span class='ocrx_word' id='word_1_134' title='bbox 388 2618 457 2665; x_wconf 88' lang='lat' dir='ltr'><strong>eum</strong></span> <span class='ocrx_word' id='word_1_135' title='bbox 481 2624 543 2664; x_wconf 89' lang='lat' dir='ltr'><strong>non</strong></span> <span class='ocrx_word' id='word_1_136' title='bbox 570 2623 682 2685; x_wconf 89' lang='lat' dir='ltr'><strong>paucos</strong></span> <span class='ocrx_word' id='word_1_137' title='bbox 704 2608 824 2664; x_wconf 90' lang='lat' dir='ltr'><strong>tantum</strong></span> <span class='ocrx_word' id='word_1_138' title='bbox 847 2601 982 2664; x_wconf 88' lang='lat' dir='ltr'><strong>initiatos</strong></span> <span class='ocrx_word' id='word_1_139' title='bbox 1007 2599 1060 2664; x_wconf 86' lang='lat' dir='ltr'><strong>sed</strong></span> <span class='ocrx_word' id='word_1_140' title='bbox 1084 2623 1194 2667; x_wconf 89' lang='lat' dir='ltr'><strong>omnes</strong></span> 
     </span>
     <span class='ocr_line' id='line_1_20' title="bbox 183 2719 1194 2808; baseline -0.002 -21"><span class='ocrx_word' id='word_1_141' title='bbox 183 2722 377 2808; x_wconf 90' lang='lat' dir='ltr'><strong>philosophia</strong></span> <span class='ocrx_word' id='word_1_142' title='bbox 396 2744 450 2784; x_wconf 90' lang='lat' dir='ltr'><strong>sua</strong></span> <span class='ocrx_word' id='word_1_143' title='bbox 466 2720 617 2799; x_wconf 87' lang='lat' dir='ltr'><strong>imbuere,</strong></span> <span class='ocrx_word' id='word_1_144' title='bbox 641 2719 800 2784; x_wconf 88' lang='lat' dir='ltr'><strong>emendare</strong></span> <span class='ocrx_word' id='word_1_145' title='bbox 824 2729 855 2782; x_wconf 88' lang='lat' dir='ltr'><strong>et</strong></span> <span class='ocrx_word' id='word_1_146' title='bbox 877 2719 915 2782; x_wconf 90' lang='lat' dir='ltr'><strong>ad</strong></span> <span class='ocrx_word' id='word_1_147' title='bbox 938 2741 1025 2783; x_wconf 89' lang='lat' dir='ltr'><strong>verae</strong></span> <span class='ocrx_word' id='word_1_148' title='bbox 1042 2720 1194 2785; x_wconf 83' lang='lat' dir='ltr'><strong>scientiae</strong></span> 
     </span>
     <span class='ocr_line' id='line_1_21' title="bbox 183 2838 1194 2927; baseline -0.003 -20"><span class='ocrx_word' id='word_1_149' title='bbox 183 2853 213 2908; x_wconf 89' lang='lat' dir='ltr'><strong>et</strong></span> <span class='ocrx_word' id='word_1_150' title='bbox 237 2842 384 2927; x_wconf 86' lang='lat' dir='ltr'><strong>perfectae</strong></span> <span class='ocrx_word' id='word_1_151' title='bbox 408 2841 528 2904; x_wconf 84' lang='lat' dir='ltr'><strong>virtutis</strong></span> <span class='ocrx_word' id='word_1_152' title='bbox 548 2840 780 2925; x_wconf 85' lang='lat' dir='ltr'><strong>intelligentiam</strong></span> <span class='ocrx_word' id='word_1_153' title='bbox 804 2839 928 2902; x_wconf 90' lang='lat' dir='ltr'><strong>evehere</strong></span> <span class='ocrx_word' id='word_1_154' title='bbox 948 2838 1115 2902; x_wconf 84' lang='lat' dir='ltr'><strong>studuisse.</strong></span> <span class='ocrx_word' id='word_1_155' title='bbox 1154 2838 1194 2904; x_wconf 88' lang='lat' dir='ltr'><strong>Iu</strong></span> 
     </span>
     <span class='ocr_line' id='line_1_22' title="bbox 184 2957 1194 3044; baseline 0 -19"><span class='ocrx_word' id='word_1_156' title='bbox 184 2962 241 3025; x_wconf 92' lang='lat' dir='ltr'><strong>hoc</strong></span> <span class='ocrx_word' id='word_1_157' title='bbox 266 2961 408 3025; x_wconf 88' lang='lat' dir='ltr'><strong>nimirum</strong></span> <span class='ocrx_word' id='word_1_158' title='bbox 432 2982 609 3044; x_wconf 87' lang='lat' dir='ltr'><strong>germanum</strong></span> <span class='ocrx_word' id='word_1_159' title='bbox 625 2983 656 3023; x_wconf 90' lang='lat' dir='ltr'><strong>se</strong></span> <span class='ocrx_word' id='word_1_160' title='bbox 671 2959 822 3043; x_wconf 89' lang='lat' dir='ltr'><strong>praestitit</strong></span> <span class='ocrx_word' id='word_1_161' title='bbox 838 2958 968 3021; x_wconf 85' lang='lat' dir='ltr'><strong>Socratis</strong></span> <span class='ocrx_word' id='word_1_162' title='bbox 985 2957 1194 3042; x_wconf 89' lang='lat' dir='ltr'><strong>discipulum,</strong></span> 
     </span>
     <span class='ocr_line' id='line_1_23' title="bbox 185 3076 1197 3165; baseline 0.001 -22"><span class='ocrx_word' id='word_1_163' title='bbox 185 3081 238 3164; x_wconf 91' lang='lat' dir='ltr'><strong>qui</strong></span> <span class='ocrx_word' id='word_1_164' title='bbox 267 3080 444 3165; x_wconf 86' lang='lat' dir='ltr'><strong>sapientiam</strong></span> <span class='ocrx_word' id='word_1_165' title='bbox 476 3102 494 3141; x_wconf 93' lang='lat' dir='ltr'><strong>a</strong></span> <span class='ocrx_word' id='word_1_166' title='bbox 517 3078 600 3141; x_wconf 84' lang='lat' dir='ltr'><strong>coelo</strong></span> <span class='ocrx_word' id='word_1_167' title='bbox 623 3079 655 3141; x_wconf 91' lang='lat' dir='ltr'><strong>in</strong></span> <span class='ocrx_word' id='word_1_168' title='bbox 678 3086 788 3140; x_wconf 88' lang='lat' dir='ltr'><strong>terram</strong></span> <span class='ocrx_word' id='word_1_169' title='bbox 812 3097 951 3139; x_wconf 83' lang='lat' dir='ltr'><strong>evocasse</strong></span> <span class='ocrx_word' id='word_1_170' title='bbox 975 3085 1004 3139; x_wconf 92' lang='lat' dir='ltr'><strong>et</strong></span> <span class='ocrx_word' id='word_1_171' title='bbox 1027 3076 1059 3139; x_wconf 90' lang='lat' dir='ltr'><strong>in</strong></span> <span class='ocrx_word' id='word_1_172' title='bbox 1083 3077 1197 3143; x_wconf 91' lang='lat' dir='ltr'><strong>domos</strong></span> 
     </span>
     <span class='ocr_line' id='line_1_24' title="bbox 184 3195 1197 3278; baseline 0 -16"><span class='ocrx_word' id='word_1_173' title='bbox 184 3199 405 3275; x_wconf 83' lang='lat' dir='ltr'><strong>introduxisse,</strong></span> <span class='ocrx_word' id='word_1_174' title='bbox 431 3198 459 3261; x_wconf 93' lang='lat' dir='ltr'><strong>h.</strong></span> <span class='ocrx_word' id='word_1_175' title='bbox 478 3221 503 3261; x_wconf 93' lang='lat' dir='ltr'><strong>e.</strong></span> <span class='ocrx_word' id='word_1_176' title='bbox 521 3197 552 3260; x_wconf 91' lang='lat' dir='ltr'><strong>in</strong></span> <span class='ocrx_word' id='word_1_177' title='bbox 568 3198 647 3260; x_wconf 88' lang='lat' dir='ltr'><strong>vitae</strong></span> <span class='ocrx_word' id='word_1_178' title='bbox 668 3218 758 3259; x_wconf 91' lang='lat' dir='ltr'><strong>usum</strong></span> <span class='ocrx_word' id='word_1_179' title='bbox 774 3195 956 3259; x_wconf 83' lang='lat' dir='ltr'><strong>convertisse</strong></span> <span class='ocrx_word' id='word_1_180' title='bbox 980 3195 1197 3278; x_wconf 88' lang='lat' dir='ltr'><strong>praedicatur,</strong></span> 
     </span>
     <span class='ocr_line' id='line_1_25' title="bbox 187 3314 1200 3402; baseline -0.001 -19"><span class='ocrx_word' id='word_1_181' title='bbox 187 3327 221 3383; x_wconf 90' lang='lat' dir='ltr'><strong>ut</strong></span> <span class='ocrx_word' id='word_1_182' title='bbox 248 3340 352 3382; x_wconf 89' lang='lat' dir='ltr'><strong>omnes</strong></span> <span class='ocrx_word' id='word_1_183' title='bbox 376 3317 488 3402; x_wconf 88' lang='lat' dir='ltr'><strong>pariter</strong></span> <span class='ocrx_word' id='word_1_184' title='bbox 511 3339 547 3380; x_wconf 81' lang='lat' dir='ltr'><strong>ex</strong></span> <span class='ocrx_word' id='word_1_185' title='bbox 571 3317 628 3379; x_wconf 92' lang='lat' dir='ltr'><strong>hoc</strong></span> <span class='ocrx_word' id='word_1_186' title='bbox 653 3315 740 3399; x_wconf 88' lang='lat' dir='ltr'><strong>quasi</strong></span> <span class='ocrx_word' id='word_1_187' title='bbox 762 3315 846 3378; x_wconf 89' lang='lat' dir='ltr'><strong>fonte</strong></span> <span class='ocrx_word' id='word_1_188' title='bbox 871 3314 991 3378; x_wconf 89' lang='lat' dir='ltr'><strong>haurire</strong></span> <span class='ocrx_word' id='word_1_189' title='bbox 1015 3323 1044 3377; x_wconf 90' lang='lat' dir='ltr'><strong>et</strong></span> <span class='ocrx_word' id='word_1_190' title='bbox 1069 3315 1200 3382; x_wconf 91' lang='lat' dir='ltr'><strong>alimen·</strong></span> 
     </span>
     <span class='ocr_line' id='line_1_26' title="bbox 185 3433 1200 3521; baseline 0 -19"><span class='ocrx_word' id='word_1_191' title='bbox 185 3447 251 3502; x_wconf 90' lang='lat' dir='ltr'><strong>tum</strong></span> <span class='ocrx_word' id='word_1_192' title='bbox 282 3458 388 3521; x_wconf 82' lang='lat' dir='ltr'><strong>capere</strong></span> <span class='ocrx_word' id='word_1_193' title='bbox 418 3443 550 3521; x_wconf 88' lang='lat' dir='ltr'><strong>possent.</strong></span> <span class='ocrx_word' id='word_1_194' title='bbox 598 3434 682 3517; x_wconf 79' lang='lat' dir='ltr'><strong>Quid</strong></span> <span class='ocrx_word' id='word_1_195' title='bbox 713 3433 795 3518; x_wconf 92' lang='lat' dir='ltr'><strong>quod</strong></span> <span class='ocrx_word' id='word_1_196' title='bbox 823 3435 888 3518; x_wconf 88' lang='lat' dir='ltr'><strong>ipse</strong></span> <span class='ocrx_word' id='word_1_197' title='bbox 910 3456 973 3497; x_wconf 90' lang='lat' dir='ltr'><strong>non</strong></span> <span class='ocrx_word' id='word_1_198' title='bbox 996 3433 1089 3498; x_wconf 86' lang='lat' dir='ltr'><strong>semel</strong></span> <span class='ocrx_word' id='word_1_199' title='bbox 1115 3437 1200 3502; x_wconf 90' lang='lat' dir='ltr'><strong>ridet</strong></span> 
     </span>
    </p>
   </div>
   <div class='ocr_carea' id='block_1_5' title="bbox 187 3692 1203 4236">
    <p class='ocr_par' dir='ltr' id='par_1_5' title="bbox 187 3692 1202 3859">
     <span class='ocr_line' id='line_1_27' title="bbox 187 3692 1202 3759; baseline 0 -13"><span class='ocrx_word' id='word_1_200' title='bbox 187 3697 265 3747; x_wconf 85' lang='lat' dir='ltr'><strong>Uaber</strong></span> <span class='ocrx_word' id='word_1_201' title='bbox 290 3695 396 3745; x_wconf 87' lang='lat' dir='ltr'><strong>Platon&#39;s</strong></span> <span class='ocrx_word' id='word_1_202' title='bbox 419 3695 485 3743; x_wconf 88' lang='lat' dir='ltr'><strong>Schr.</strong></span> <span class='ocrx_word' id='word_1_203' title='bbox 509 3711 531 3759; x_wconf 88' lang='lat' dir='ltr'><strong>p.</strong></span> <span class='ocrx_word' id='word_1_204' title='bbox 555 3695 616 3752; x_wconf 79' lang='lat'><strong>323,</strong></span> <span class='ocrx_word' id='word_1_205' title='bbox 639 3710 673 3758; x_wconf 87' lang='lat' dir='ltr'><strong>sq.</strong></span> <span class='ocrx_word' id='word_1_206' title='bbox 699 3692 836 3751; x_wconf 87' lang='lat' dir='ltr'><strong>Hermann,</strong></span> <span class='ocrx_word' id='word_1_207' title='bbox 863 3692 947 3741; x_wconf 85' lang='lat' dir='ltr'><strong>Gesch.</strong></span> <span class='ocrx_word' id='word_1_208' title='bbox 971 3692 993 3740; x_wconf 91' lang='lat' dir='ltr'><strong>d.</strong></span> <span class='ocrx_word' id='word_1_209' title='bbox 1017 3692 1113 3741; x_wconf 90' lang='lat' dir='ltr'><strong>Platon.</strong></span> <span class='ocrx_word' id='word_1_210' title='bbox 1134 3694 1202 3746; x_wconf 90' lang='lat' dir='ltr'><strong>Phil.</strong></span> 
     </span>
     <span class='ocr_line' id='line_1_28' title="bbox 188 3789 588 3859; baseline -0.008 -18"><span class='ocrx_word' id='word_1_211' title='bbox 188 3810 211 3859; x_wconf 87' lang='lat' dir='ltr'><strong>p.</strong></span> <span class='ocrx_word' id='word_1_212' title='bbox 229 3795 290 3850; x_wconf 78' lang='lat'>554;</span> <span class='ocrx_word' id='word_1_213' title='bbox 308 3791 339 3840; x_wconf 80' lang='lat' dir='ltr'><strong>cf.</strong></span> <span class='ocrx_word' id='word_1_214' title='bbox 357 3808 381 3855; x_wconf 88' lang='lat' dir='ltr'><strong>p.</strong></span> <span class='ocrx_word' id='word_1_215' title='bbox 399 3790 444 3842; x_wconf 82' lang='grc'><strong>711</strong></span> <span class='ocrx_word' id='word_1_216' title='bbox 466 3793 514 3838; x_wconf 91' lang='lat' dir='ltr'><strong>not.</strong></span> <span class='ocrx_word' id='word_1_217' title='bbox 532 3789 588 3841; x_wconf 81' lang='lat'><strong>750.</strong></span> 
     </span>
    </p>

    <p class='ocr_par' dir='ltr' id='par_1_6' title="bbox 189 3881 1203 4236">
     <span class='ocr_line' id='line_1_29' title="bbox 224 3881 1203 3949; baseline -0.001 -12"><span class='ocrx_word' id='word_1_218' title='bbox 224 3890 246 3949; x_wconf 86' lang='lat' dir='ltr'><strong>l)</strong></span> <span class='ocrx_word' id='word_1_219' title='bbox 265 3887 380 3936; x_wconf 88' lang='lat' dir='ltr'><strong>Similiter</strong></span> <span class='ocrx_word' id='word_1_220' title='bbox 394 3885 487 3949; x_wconf 85' lang='lat' dir='ltr'><strong>judicat</strong></span> <span class='ocrx_word' id='word_1_221' title='bbox 504 3885 634 3942; x_wconf 85' lang='lat' dir='ltr'><strong>Secherus,</strong></span> <span class='ocrx_word' id='word_1_222' title='bbox 651 3884 712 3933; x_wconf 86' lang='lat' dir='ltr'><strong>libro</strong></span> <span class='ocrx_word' id='word_1_223' title='bbox 730 3881 793 3932; x_wconf 85' lang='lat' dir='ltr'><strong>laud.</strong></span> <span class='ocrx_word' id='word_1_224' title='bbox 811 3897 835 3946; x_wconf 90' lang='lat' dir='ltr'><strong>p.</strong></span> <span class='ocrx_word' id='word_1_225' title='bbox 854 3882 916 3930; x_wconf 74' lang='lat'><strong>395:</strong></span> <span class='ocrx_word' id='word_1_226' title='bbox 944 3881 1055 3940; x_wconf 83' lang='lat' dir='ltr'><strong>„Wusste</strong></span> <span class='ocrx_word' id='word_1_227' title='bbox 1073 3882 1203 3936; x_wconf 81' lang='lat' dir='ltr'><strong>vcilleieht</strong></span> 
     </span>
     <span class='ocr_line' id='line_1_30' title="bbox 189 3976 1202 4046; baseline -0.002 -14"><span class='ocrx_word' id='word_1_228' title='bbox 189 3983 226 4033; x_wconf 85' lang='lat' dir='ltr'><strong>dic</strong></span> <span class='ocrx_word' id='word_1_229' title='bbox 243 3983 350 4046; x_wconf 81' lang='lat' dir='ltr'><strong>gebeima</strong></span> <span class='ocrx_word' id='word_1_230' title='bbox 366 3981 465 4039; x_wconf 89' lang='lat' dir='ltr'><strong>Schule‚</strong></span> <span class='ocrx_word' id='word_1_231' title='bbox 484 3996 513 4030; x_wconf 85' lang='lat' dir='ltr'><strong>zu</strong></span> <span class='ocrx_word' id='word_1_232' title='bbox 529 3980 572 4029; x_wconf 87' lang='lat' dir='ltr'><strong>der</strong></span> <span class='ocrx_word' id='word_1_233' title='bbox 582 3980 620 4028; x_wconf 92' lang='lat' dir='ltr'><strong>die</strong></span> <span class='ocrx_word' id='word_1_234' title='bbox 635 3979 755 4027; x_wconf 82' lang='lat' dir='ltr'><strong>Verlasser</strong></span> <span class='ocrx_word' id='word_1_235' title='bbox 768 3978 809 4027; x_wconf 91' lang='lat' dir='ltr'><strong>der</strong></span> <span class='ocrx_word' id='word_1_236' title='bbox 821 3976 955 4042; x_wconf 88' lang='lat' dir='ltr'><strong>platonisch</strong></span> <span class='ocrx_word' id='word_1_237' title='bbox 967 3981 1104 4040; x_wconf 80' lang='lat' dir='ltr'><strong>genauntcu</strong></span> <span class='ocrx_word' id='word_1_238' title='bbox 1115 3977 1202 4031; x_wconf 80' lang='lat' dir='ltr'><strong>Briefe</strong></span> 
     </span>
     <span class='ocr_line' id='line_1_31' title="bbox 189 4070 1202 4142; baseline -0.002 -14"><span class='ocrx_word' id='word_1_239' title='bbox 189 4096 218 4128; x_wconf 84' lang='lat' dir='ltr'><strong>zu</strong></span> <span class='ocrx_word' id='word_1_240' title='bbox 240 4080 343 4142; x_wconf 81' lang='lat' dir='ltr'><strong>gehbrea</strong></span> <span class='ocrx_word' id='word_1_241' title='bbox 365 4078 416 4126; x_wconf 89' lang='lat' dir='ltr'><strong>sich</strong></span> <span class='ocrx_word' id='word_1_242' title='bbox 438 4092 573 4134; x_wconf 76' lang='lat' dir='ltr'><strong>ramessen,</strong></span> <span class='ocrx_word' id='word_1_243' title='bbox 597 4075 700 4124; x_wconf 88' lang='lat' dir='ltr'><strong>hoharen</strong></span> <span class='ocrx_word' id='word_1_244' title='bbox 726 4073 860 4137; x_wconf 72' lang='lat' dir='ltr'><strong>Principieu</strong></span> <span class='ocrx_word' id='word_1_245' title='bbox 884 4074 941 4122; x_wconf 81' lang='lat' dir='ltr'><strong>iiber</strong></span> <span class='ocrx_word' id='word_1_246' title='bbox 963 4073 1036 4129; x_wconf 81' lang='lat' dir='ltr'><strong>uott,</strong></span> <span class='ocrx_word' id='word_1_247' title='bbox 1058 4070 1126 4122; x_wconf 84' lang='lat' dir='ltr'><strong>Welt</strong></span> <span class='ocrx_word' id='word_1_248' title='bbox 1148 4077 1202 4126; x_wconf 87' lang='lat' dir='ltr'><strong>und</strong></span> 
     </span>
     <span class='ocr_line' id='line_1_32' title="bbox 190 4169 1155 4236; baseline -0.004 -14"><span class='ocrx_word' id='word_1_249' title='bbox 190 4175 318 4224; x_wconf 78' lang='lat' dir='ltr'><strong>llenschcn</strong></span> <span class='ocrx_word' id='word_1_250' title='bbox 335 4175 370 4223; x_wconf 86' lang='lat' dir='ltr'><strong>als</strong></span> <span class='ocrx_word' id='word_1_251' title='bbox 387 4174 425 4223; x_wconf 87' lang='lat' dir='ltr'><strong>dia</strong></span> <span class='ocrx_word' id='word_1_252' title='bbox 442 4172 484 4221; x_wconf 86' lang='lat' dir='ltr'><strong>wir</strong></span> <span class='ocrx_word' id='word_1_253' title='bbox 500 4172 695 4236; x_wconf 84' lang='lat' dir='ltr'><strong>Uuaingeweihte</strong></span> <span class='ocrx_word' id='word_1_254' title='bbox 712 4170 863 4234; x_wconf 82' lang='lat' dir='ltr'><strong>gcscbriebaa</strong></span> <span class='ocrx_word' id='word_1_255' title='bbox 881 4171 905 4218; x_wconf 89' lang='lat' dir='ltr'><strong>iu</strong></span> <span class='ocrx_word' id='word_1_256' title='bbox 923 4169 1030 4218; x_wconf 83' lang='lat' dir='ltr'><strong>&#39;Pimeeos</strong></span> <span class='ocrx_word' id='word_1_257' title='bbox 1047 4169 1155 4218; x_wconf 80' lang='lat' dir='ltr'><strong>leseul’”</strong></span> 
     </span>
    </p>
   </div>
   <div class='ocr_carea' id='block_1_6' title="bbox 0 0 1386 4950">
    <p class='ocr_par' dir='ltr' id='par_1_7' title="bbox 0 0 1386 4950">
     <span class='ocr_line' id='line_1_33' title="bbox 0 0 1386 4950; baseline 0 0"><span class='ocrx_word' id='word_1_258' title='bbox 0 0 1386 4950; x_wconf 95' lang='lat' dir='ltr'><strong> </strong></span> 
     </span>
    </p>
   </div>
  </div>
 </body>
</html>
