2746 4950
539 1086 733 1181 CAPUT
776 1085 832 1180 Vl.

209 1415 247 1456 DE
270 1414 367 1457 REBUS
390 1413 563 1457 fflsronlms
587 1412 671 1471 QUAE
693 1413 728 1455 IN
750 1412 908 1456 EPISTOLIS
932 1391 1165 1454 MEMORANTUR.

579 1659 774 1696 *400—

230 1890 429 1976 Praecipuum
452 1890 659 1976 Epistolarum
683 1897 896 1976 argumentum
920 1897 966 1953 est
989 1887 1027 1952 de
1052 1888 1195 1952 Platonis

182 2009 343 2073 itineribus
366 2010 397 2072 in
422 2009 553 2073 Siciliam
578 2019 607 2073 et
631 2011 667 2073 de
692 2011 870 2073 commercio
887 2008 970 2093 quod
986 2009 1012 2072 ei
1030 2030 1103 2070 curn
1122 2008 1195 2070 Dio·

182 2129 267 2213 nysio
293 2136 323 2191 et
335 2109 409 2192 cum
424 2129 524 2192 Dione
539 2129 692 2212 huiusque
709 2129 797 2192 sociis
813 2129 881 2192 fuit.
914 2127 1069 2212 Epistolae
1089 2135 1194 2190 autem

182 2247 270 2311 Vlla
292 2248 324 2311 in
344 2248 467 2311 exordio
489 2249 728 2332 praemittuntur
750 2247 899 2312 nonnulla
915 2247 953 2310 ad
968 2246 1193 2331 rempublicam

182 2366 372 2430 Athenarum
396 2368 580 2450 spectantia,
599 2367 788 2431 adolescente
812 2367 956 2444 Platone,
974 2366 1005 2428 in
1022 2364 1122 2427 VIIIa
1134 2388 1195 2428 me·

181 2493 338 2548 morantur·
351 2480 498 2568 quaedam
515 2486 658 2550 derebus
675 2486 801 2564 Siculis,
818 2487 907 2571 pulso
923 2485 1090 2568 Dionysio,
1112 2483 1193 2547 etde

181 2602 272 2666 huius
289 2604 403 2667 familia
409 2629 417 2681 ;
434 2612 605 2688 tanguntur
620 2605 753 2690 Lycurgi
769 2605 928 2682 instituta,
947 2625 1024 2686 quae
1040 2610 1193 2686 tanquam

181 2721 353 2806 exemplum
369 2722 554 2786 ordinandae
570 2723 755 2808 reipublicae
770 2730 993 2808 proponuntur.
1018 2720 1057 2783 In
1074 2720 1125 2783 his
1137 2721 1194 2804 igi-

173 2848 232 2916 tur
255 2841 438 2926 exponendis
463 2863 539 2924 quae
563 2843 602 2904 sit
625 2842 863 2927 epistolographi
875 2841 1034 2924 diligentia
1051 2848 1080 2902 et
1097 2841 1193 2917 fides,

180 2959 345 3023 videamus.
392 2958 539 3040 Quaestio
564 2961 639 3024 haec
667 2983 728 3025 non
751 2961 825 3024 levis
847 2967 892 3022 est
907 2957 1054 3021 momenti
1069 2965 1101 3019 et
1118 2980 1194 3044 pon·

178 3077 257 3141 deris
288 3084 411 3163 propter
438 3078 574 3162 ipsarum
597 3077 822 3163 Epistolarum,
847 3076 1083 3161 qualescumque
1108 3076 1191 3154 sint,

178 3202 361 3270 vetustatem
397 3197 673 3261 etauctoritatem.
720 3195 834 3280 Negari
866 3195 945 3258 enim
969 3194 1191 3277 nequit‚·‘ea8,

177 3314 339 3400 praecipue
362 3313 458 3377 pflam
467 3364 476 3393 ,
499 3316 560 3378 sive
576 3338 735 3400 germanae
751 3321 899 3399 putentur
915 3314 977 3375 sive
993 3313 1191 3396 suppositae,

177 3433 209 3496 ‘m
241 3433 459 3517 antiquissimis
487 3435 643 3518 ponendas
675 3457 738 3497 esse
767 3431 971 3496 monumentis
1002 3430 1084 3493 unde
1121 3431 1192 3495 Pla-

177 3553 257 3616 tonis
281 3553 407 3636 eiusque
430 3561 601 3638 temporum
625 3577 671 3616 res
695 3559 925 3636 cognoscantur.
959 3549 1070 3612 Errant
1083 3556 1189 3614 tamen

178 3673 231 3754 qui
266 3694 315 3734 eas
340 3671 464 3752 unicum
489 3695 584 3758 paene
607 3672 720 3735 fontem
746 3695 810 3734 csse
834 3670 998 3755 opinantur
1022 3676 1076 3730 aut
1107 3670 1191 3733 tanti

177 3789 353 3867 aestimant,
377 3798 413 3852 ut
437 3798 535 3853 cetera
558 3791 731 3853 testimonia
754 3813 825 3874 prae
848 3788 896 3851 his
920 3810 1014 3872 paene
1037 3787 1130 3850 nihili
1149 3789 1191 3852 fa·

176 3907 266 3970 ciant.
284 3909 306 3992 ¹)
337 3906 466 3970 Constat
489 3908 569 3972 enim
593 3908 710 3972 easdem
737 3931 784 3970 res
807 3906 906 3970 multo
930 3905 1050 3990 plenius
1075 3907 1189 3989 partim

179 4058 353 4069 ———-

209 4137 233 4196 1)
251 4135 285 4184 Ut
304 4137 334 4186 H.
353 4136 430 4184 Ritter
447 4142 471 4184 et
490 4137 576 4194 Grute,
594 4137 661 4184 citati
679 4153 749 4199 snpra
769 4152 792 4199 p.
810 4135 824 4187 7
844 4141 867 4182 ct
886 4137 907 4182 8.
