2746 4950
652 579 708 642 IV.

225 814 431 898 Epistolarum
455 815 680 879 Platonicorum
704 815 801 879 VH¹¹¹¹¹
826 827 927 880 statuo
952 840 1019 880 esse
1046 821 1194 903 antiquis-

180 933 303 1010 simam,
328 942 440 997 oeteras
463 935 621 1018 plerasque
645 958 680 998 ex
704 935 760 998 hoc
784 935 868 998 velut
890 936 973 998 fonte
997 960 1171 1001 emanasse.

223 1406 377 1470 Immerito
402 1408 595 1472 Hermannns
620 1409 657 1472 de
678 1409 814 1473 Platonis
827 1410 1076 1493 peregrinatione
1089 1411 1190 1496 Mega-

178 1525 258 1589 rensi
288 1526 331 1589 sio
359 1526 492 1611 judicat:
517 1527 636 1604 „dieser
660 1528 842 1592 Aufenthalt
865 1529 897 1591 in
920 1528 1051 1612 Megara
1076 1554 1138 1594 war
1161 1555 1190 1594 es

177 1666 253 1728 ganz
276 1645 467 1729 vorzfiglioh,
492 1645 545 1709 der
567 1645 656 1709 Plato
679 1648 736 1711 mit
756 1647 825 1710 dem
849 1647 1057 1731 eigeutliehen
1075 1649 1191 1712 Stande

178 1762 231 1826 der
262 1762 457 1827 Grieehisohe
480 1764 695 1849 Speculati0n‚
726 1765 790 1829 und
817 1765 1006 1850 demgemass
1035 1768 1096 1830 mit
1120 1768 1190 1831 dem

115 1863 118 1874 ⁸
178 1882 297 1946 wahren
328 1883 525 1947 Bedtirfnisse
556 1883 608 1947 des
641 1883 909 1968 philosophisohen
943 1883 1067 1948 Geistes
1093 1889 1192 1950 seiner

178 2000 243 2066 Zeit
266 2002 360 2066 nahor
383 2002 517 2067 bekannt
540 2003 691 2067 maehte.''
726 2001 797 2066 Vid.
823 2003 892 2067 libr.
916 2001 1001 2065 laud.
1026 2025 1059 2087 p.
1087 2007 1140 2067 46.

652 2239 709 2304 VI.

225 2478 384 2542 Assentior
412 2477 674 2561 Morgenstemio,
699 2476 736 2540 de
759 2438 879 2540 Platon.
903 2475 977 2560 Bep.
1003 2499 1033 2561 p.
1062 2480 1105 2542 73
1126 2473 1191 2562 sq'q.

181 2596 417 2681 Aristophanem
440 2597 472 2660 in
498 2594 716 2659 Ecclesiazusis
739 2595 840 2658 risisse
863 2593 999 2657 Platonis
1022 2598 1191 2660 Πολιτείαν.

225 3071 338 3136 Errant
368 3072 421 3155 qui
452 3071 517 3142 τοὺς
546 3069 645 3134 turena
676 3070 733 3134 sub
764 3069 892 3154 triginta
921 3069 1059 3152 tyrannis
1094 3069 1190 3133 alium

181 3192 392 3276 magistratum
404 3192 496 3255 fuisse
513 3190 704 3254 contendunt
719 3199 810 3273 atque
825 3190 891 3260 τοὺς
902 3186 1002 3252 ἕνδεκα
1019 3187 1078 3251 sub
1095 3188 1191 3252 libera

181 3310 348 3396 republica.

637 3545 728 3610 VIH.

227 3789 385 3854 Assentior
408 3787 522 3851 Groteo
538 3794 644 3850 eontra
659 3784 699 3848 K.
717 3783 755 3847 Ο.
772 3782 958 3847 Muellerum
973 3780 1187 3858 contendenti,

182 3908 308 3993 Spartae
338 3907 481 3971 instituta
509 3927 570 3969 non
594 3925 785 3968 communem
808 3901 1021 3977 Doriensium,
1045 3899 1099 3962 sed
1123 3923 1190 3984 pro·

183 4029 284 4114 prium
307 4027 526 4112 Spartanorum
549 4046 664 4088 morem
684 4033 714 4086 et
736 4021 871 4087 indolem
893 4019 1012 4086 referre.
1048 4017 1133 4083 Hist.
1158 4019 1190 4084 of

182 4149 287 4214 Greec.
311 4134 414 4232 11,‘p.
438 4147 513 4211 341.
