2746 4950
647 375 710 436 ala
751 422 756 429 .

177 606 228 647 ore
252 593 392 668 excepta,
416 592 521 647 notata
544 592 573 645 ct
595 583 766 666 ἀγράφων
790 583 881 646 titulo
898 583 1005 646 edita?
1032 584 1195 648 Posterius

178 726 280 767 verum
305 703 421 788 opinor.
469 701 548 765 Nam
580 703 605 765 si
635 703 750 766 incerta
780 709 834 765 aut
864 702 939 766 falsa
971 702 1129 782 fuissent,
1163 705 1193 768 id

177 823 281 907 fugere
306 822 498 885 Aristotelem
522 844 583 885 non
607 823 725 906 potuit,
751 831 781 886 et
802 822 966 886 indicasset
981 831 1071 886 certe
1087 823 1195 886 huius·

177 938 259 1003 modi
282 938 395 1003 verbis:
420 943 449 1004 εἰι
467 947 525 1010 τοῖς
545 940 655 1018 ψευδῶς
678 939 843 1016 λεγομένοις
861 939 1007 1021 ἀγράφοις
1030 941 1192 1018 δόγμασιν.

177 1059 269 1122 Recte
292 1081 362 1122 vero
394 1081 428 1122 co
460 1081 521 1143 quo
544 1059 608 1123 dixi
632 1083 722 1124 sensu
747 1059 863 1123 addidit
885 1060 926 1123 rel
948 1061 1124 1140 λεγόμενοι,
1150 1063 1194 1124 ia-

176 1179 286 1259 scia'pto
307 1178 363 1240 hoo
387 1178 495 1255 titulo,
520 1200 581 1261 quo
603 1178 755 1243 indicetur
777 1178 919 1262 dogmata
940 1179 995 1241 illa
1014 1181 1050 1243 in
1078 1179 1192 1244 scholis

177 1297 319 1382 explicita
340 1319 400 1360 non
424 1299 597 1361 memoriter
613 1305 731 1361 tantum
756 1298 875 1382 prodita
896 1297 949 1361 scd
974 1299 1070 1363 etiam
1095 1300 1192 1364 literis

176 1424 282 1480 notata
315 1440 394 1479 esse:
435 1417 516 1480 unde
550 1416 695 1494 efficitur,
733 1418 964 1481 commentarios
999 1419 1061 1482 hoc
1098 1419 1192 1483 titulo

178 1535 349 1599 Aristotelis
373 1543 507 1620 tempore
531 1537 689 1601 doctorum
713 1537 742 1600 in
767 1537 907 1600 manibus
931 1537 1037 1631 luisse.

221 1653 310 1718 Solus
341 1655 391 1719 hic
422 1663 467 1718 est
499 1655 671 1720 Aristotelis
702 1655 789 1719 locus
814 1655 866 1719 ubi
890 1653 1021 1738 ἄγραφα
1046 1656 1192 1734 δόγματα

176 1775 355 1838 nominatim
379 1775 521 1838 citantur.
557 1773 637 1837 Sunt
660 1773 711 1837 alii
734 1773 870 1838 eiusdem
889 1774 948 1837 loci
968 1773 1024 1837 ubi
1049 1774 1193 1840 Platonis

178 1893 288 1977 placita
314 1915 375 1956 non
403 1917 419 1957 e
443 1895 684 1969 commentariis,
708 1892 760 1956 sed
787 1916 803 1956 e
830 1894 967 1978 magistri
995 1895 1192 1960 sermonibus

179 2013 350 2075 memoriter
364 2013 458 2076 relata
470 2021 762 2091 commemorantum
776 2012 948 2076 cuiusmodi
960 2021 1007 2075 est
1019 2013 1108 2096 quod
1121 2013 1193 2099 legi·

178 2137 229 2192 tur
252 2127 388 2215 Metaph.
402 2130 434 2207 l,
453 2134 490 2207 9,
512 2154 541 2215 p.
559 2135 622 2194 992
637 2133 678 2208 A,
696 2130 750 2196 ubi
762 2152 924 2215 corporum
937 2129 1148 2196 dimensiones
1162 2141 1194 2197 et

178 2249 327 2312 elementa
338 2258 476 2334 tangens,
493 2250 614 2328 στερεὸν,
630 2251 772 2329 ἐπίπεδοι,
784 2251 936 2330 γραμμὴν,
947 2251 1089 2327 στιγμὴν,
1103 2272 1193 2334 quac

178 2367 219 2431 rit
241 2389 310 2430 cum
334 2367 393 2431 alia
416 2373 482 2449 tum
505 2367 581 2431 hoc:
606 2368 647 2433 ἔτι
672 2371 703 2433 ci
726 2367 854 2446 στιγμαὶ
877 2369 909 2432 ἕκ
928 2368 1192 2446 τινοςέιυτιέρξιυ·

178 2510 239 2560 cm
269 2484 360 2564 τούτῳ
389 2486 442 2560 μὲν
473 2481 517 2550 οὖν
547 2489 587 2568 τῷ
617 2487 693 2564 γένει
721 2487 770 2550 καὶ
798 2486 957 2567 διεμάχετο
980 2487 1130 2570 Πλάτων,
1155 2491 1192 2558 ὡς

178 2603 236 2668 ὄντι
276 2607 460 2685 γεωμετρικῷ
490 2604 637 2682 δόγματι,
668 2607 740 2669 ἀλλ’
771 2604 868 2670 ἐκάλει
903 2605 998 2683 ἀρχὴν
1031 2615 1191 2684 γραμμῆς.

178 2722 290 2786 Sensus
321 2731 383 2798 est,
409 2722 567 2786 Platonem
591 2725 800 2807 quaestionem
823 2722 861 2786 de
883 2730 994 2786 natura
1017 2730 1047 2786 et
1071 2725 1193 2808 origine

178 2849 230 2916 τῆς
260 2850 406 2922 στιγμῆς,
434 2843 553 2923 puncti,
579 2843 738 2906 removisse
761 2849 797 2905 ut
819 2841 929 2926 dogma
951 2843 1191 2926 geometricum,

178 2982 240 3024 non
275 2960 531 3045 philosophicum.
580 2960 669 3045 lmpf.
705 2961 865 3041 διεμάχετο
900 2941 1051 3044 significat
1088 2985 1194 3044 τερηιρ-

179 3102 250 3142 ιιατι
272 3081 396 3157 solebat,
422 3101 483 3162 quo
507 3078 659 3143 indicatur
682 3079 719 3143 ab
736 3079 900 3144 Aristotele
915 3079 965 3143 hic
980 3079 1114 3164 intelligi
1132 3081 1194 3145 dis-

180 3200 353 3283 potationes
384 3199 440 3260 hac
470 3198 508 3262 de
539 3221 571 3262 re
605 3198 773 3262 aPlatone
796 3198 914 3268 habita's
944 3220 1020 3281 quas
1042 3202 1195 3264 memoria

181 3317 240 3380 sibi
264 3325 457 3401 suggereret,
482 3339 544 3380 non
568 3318 680 3401 scripta
703 3316 855 3401 dogmata.
870 3317 894 3400 ¹)

225 3434 340 3498 Verum
369 3434 407 3498 ad
438 3433 568 3516 ἄγραφοι
598 3435 768 3499 referendas
792 3437 899 3520 opinor
922 3433 1088 3515 διαιρέσεις,
1122 3460 1195 3521 qua·

180 3576 249 3617 rum
284 3563 314 3618 et
348 3553 385 3619 ab
418 3555 581 3618 Alistotale
612 3564 642 3619 ct
670 3556 702 3618 in
732 3554 872 3649 Epistola
896 3553 980 3617 ΧΙΠ
1002 3554 1038 3617 fit
1060 3558 1193 3622 mentio.

181 3673 360 3736 Aristoteles
395 3673 432 3736 de
463 3673 603 3736 Generat.
637 3681 666 3737 ct
689 3672 830 3757 Corrupt.
859 3672 909 3749 II,
935 3675 972 3750 3,
998 3697 1028 3758 p.
1053 3675 1122 3738 330
1148 3676 1193 3756 B,

180 3790 275 3854 tradit
297 3813 399 3854 rerum
422 3792 570 3856 elementa
590 3793 627 3857 ab
644 3793 711 3856 aliis
727 3815 825 3856 unum
841 3792 952 3868 statui,
970 3792 1008 3855 ab
1025 3792 1093 3854 aliis
1112 3793 1194 3873 duo,

181 3883 229 3975 ab.
243 3910 309 3973 aliis
336 3912 411 3988 tria,
437 3918 512 3989 cet.;
536 3912 590 3995 qui
613 3912 675 3977 duo
699 3918 835 3998 ponunt,
860 3911 952 3987 dicit,
977 3919 1013 3974 ut
1036 3910 1197 3979 Parmeni-

217 4182 239 4241 l)
259 4183 311 4232 Vin.
328 4184 533 4250 Trendelenburg‚
551 4185 612 4234 libro
631 4185 692 4234 laud.
710 4201 734 4248 p.
752 4185 791 4233 dd.
