2746 4950
566 446 568 450 Ι
666 352 728 412 213

188 560 241 633 μὲν
272 555 317 621 οὖν
348 559 464 630 ποιητὴν
491 558 540 620 acl
565 559 680 638 πατέρα
700 559 782 623 τοῦδε
801 565 851 623 τοῦ
866 562 974 630 παντὸς
997 561 1108 639 εὑρεῖν
1120 565 1146 624 τ’
1159 560 1199 640 ἔρ-

188 700 255 756 γον,
281 676 330 739 καὶ
355 674 457 756 εὑρόντ’
480 678 529 748 εἰς
562 678 701 750 πάντας
730 677 906 742 ἀδύνατον
928 680 1059 754 λέγειν.
1106 679 1147 743 lit
1167 681 1199 744 in

188 794 294 858 eodem
317 793 452 878 dialogo,
469 795 523 858 ubi
539 795 576 859 de
592 796 749 879 principiis
765 818 865 859 rerum
882 796 1069 880 disputavit,
1087 820 1198 861 sermo·

189 935 258 976 nem
282 913 324 975 sic
345 913 510 993 concludit,
535 937 564 998 p.
591 916 631 977 53
649 913 694 976 D:
709 916 765 986 calc
776 914 801 977 δ’
813 913 854 978 ἔτι
867 915 974 979 τούτων
984 917 1083 995 ἀρχὰς
1096 914 1198 980 arato

187 1031 247 1102 θεὸς
270 1027 345 1112 οἶδε,
366 1032 414 1095 acl
438 1032 541 1111 ἀνδρῶν
564 1029 593 1102 ὃς
617 1030 652 1095 da
676 1035 768 1112 ἐκείνῳ
793 1034 879 1113 φίλος
901 1032 927 1113 ᾖ.
968 1033 1006 1096 In
1029 1033 1079 1096 his
1095 1043 1197 1118 aperte

186 1148 288 1225 docet,
314 1149 396 1232 quod
420 1150 552 1234 primum
581 1161 611 1212 et
634 1150 715 1233 qnod
739 1150 884 1215 ultimum
902 1159 947 1214 est
964 1152 1035 1216 sciri
1051 1174 1069 1214 a
1085 1160 1194 1217 morta-

186 1268 268 1332 libus
295 1291 356 1331 non
380 1291 482 1352 posse,
508 1276 599 1352 atque
623 1270 648 1332 si
672 1270 777 1354 paucis
802 1275 856 1333 aut
873 1269 1003 1354 singulis
1019 1270 1052 1333 id
1068 1270 1195 1335 fortasse

188 1387 345 1471 contingat
373 1386 520 1472 singulari
549 1387 668 1452 divinae
692 1389 801 1451 mentis
826 1388 947 1466 afflatu,
972 1389 1070 1454 verbis
1095 1399 1196 1454 tamen

186 1506 331 1570 declarari
363 1506 450 1569 nullo
481 1506 571 1570 modo
605 1529 702 1591 posse.
751 1506 834 1587 Quid
866 1508 993 1586 mirum,
1026 1510 1050 1571 si
1082 1509 1196 1573 talibus

186 1626 260 1689 locis
284 1624 402 1688 inducti
418 1633 491 1689 sunt
507 1633 542 1689 nt
565 1625 736 1702 crederent,
761 1625 884 1690 Platoni
907 1626 944 1695 de
960 1626 1051 1691 rebus
1065 1628 1193 1692 occultis
1282 1651 1283 1654 ¹

187 1752 218 1809 et
241 1744 351 1808 divinis
375 1744 468 1807 fuisse
492 1744 603 1829 placita
626 1744 792 1827 quaedam,
813 1767 891 1828 quae
910 1768 966 1808 nec
985 1746 1196 1811 ratiocinando

185 1873 215 1927 et
239 1863 480 1947 argumentando
504 1863 703 1927 demonstrari
726 1886 814 1948 posse
836 1887 892 1928 nec
915 1865 975 1928 nisi
1006 1864 1193 1930 doctioribus

184 1982 293 2066 aperiri
317 1990 456 2067 oportere
479 1982 686 2046 existimaret?
721 1991 756 2046 ut
787 1983 891 2067 paucis
916 1983 1032 2047 dicam:
1058 1984 1083 2048 si
1106 1993 1194 2069 puta-

184 2109 253 2165 rent
284 2100 422 2165 Platonis
453 2101 622 2165 doctrinam
654 2102 742 2170 aliam
775 2102 869 2165 fuisse
895 2101 1075 2182 ἑξωτερικὴν,
1101 2127 1191 2188 quam

182 2221 304 2306 scriptis
320 2225 322 2228 ’
336 2221 399 2284 suis
431 2221 637 2306 exposuisset,
670 2221 758 2284 aliam
783 2223 966 2300 ε’σωτερικὴν,
997 2221 1090 2308 vulgo
1113 2223 1196 2288 abdi·

182 2350 246 2404 tam
270 2348 300 2403 et
323 2340 404 2413 intra
427 2339 547 2403 scholae
571 2340 720 2404 cancellos
744 2339 917 2421 reclusam?
937 2341 960 2424 1)

225 2437 339 2542 Opinio
355 2458 442 2536 haec,
461 2465 550 2521 antea
564 2457 757 2542 pervulgata,
775 2459 883 2521 merito
900 2467 935 2521 ut
950 2458 1027 2521 falsa
1048 2467 1079 2522 et
1094 2481 1112 2521 a
1128 2457 1195 2522 Pla·

181 2577 262 2641 tonis
295 2577 419 2661 ingenio
455 2577 620 2641 abhorrens
652 2577 715 2661 jam
752 2600 770 2640 a
800 2577 872 2640 viris
903 2575 1001 2640 doctis
1033 2575 1195 2661 reprobata
1265 2582 1267 2586 ’

182 2705 238 2761 est.
252 2696 276 2779 2)
323 2695 401 2759 Saue
429 2695 554 2780 quidem
576 2694 683 2772 Plato,
708 2695 760 2779 qui
783 2717 854 2758 cum
877 2694 993 2779 ingenii
1017 2693 1196 2759 excellentia

164 2919 165 2922 ’
214 2911 239 2972 1)
256 2910 314 2960 ruit
339 2910 396 2959 baec
414 2911 601 2960 sententiatum
621 2914 727 2959 veterum
745 2910 891 2969 multorum,
910 2911 1035 2974 praecipue
1052 2908 1190 2958 Platonico-

181 3021 250 3063 rum,
269 3020 371 3069 quornm
380 3005 517 3054 testimonia
528 3004 625 3069 collegit
635 3004 833 3068 wyttenbachius
841 3004 871 3052 ad
880 3003 999 3052 Phaedon.
1012 3019 1036 3068 p.
1048 3003 1192 3062 lat-las,

183 3105 235 3151 tum
258 3100 419 3150 recentiorum
436 3101 482 3164 'qui
500 3101 554 3150 illos
571 3101 647 3150 secuti
664 3105 732 3159 suut,
750 3104 778 3149 ut
795 3099 965 3158 Tiedemnnni,
982 3099 1080 3164 Dialog.
1098 3099 1193 3149 Platon.

183 3212 273 3262 argum.
300 3213 352 3262 pag.
375 3201 434 3246 extr.
452 3197 577 3256 „Habebat
600 3212 715 3261 namque,
733 3202 760 3246 at
777 3196 819 3245 alii
836 3196 886 3246 fere
902 3195 1038 3260 philosophi
1055 3210 1152 3254 omues,
1170 3199 1195 3244 et

184 3294 253 3343 Plato
276 3309 319 3342 sua
341 3297 447 3352 secreta,
474 3308 534 3356 quse
557 3292 663 3342 revelare
686 3287 805 3356 profanis,
832 3291 910 3340 idest
927 3290 1020 3340 scholae
1037 3290 1129 3355 placitis
1147 3305 1195 3339 uon

183 3389 253 3454 plane
278 3388 395 3447 initiatis,
418 3388 483 3436 nefas
501 3388 613 3452 putabat:
632 3404 679 3452 quo
697 3387 725 3436 de
742 3403 827 3452 genere
845 3390 912 3436 amnt
929 3392 1025 3456 ἄγραφα
1042 3385 1084 3435 illa
1100 3386 1129 3434 ab
1145 3386 1197 3435 Ari-

184 3484 268 3534 stotele
285 3485 357 3533 ctiam
375 3487 560 3533 commemorata
577 3483 708 3550 inpura?
732 3483 849 3533 Similiter
865 3483 1061 3540 Tamannouna,
1079 3481 1142 3546 Syst.
1154 3481 1196 3530 der

184 3580 279 3629 Platon.
303 3579 394 3629 Philus.
417 3580 443 3638 I,
467 3597 490 3645 p.
515 3579 575 3631 137:
604 3579 665 3638 „nin
688 3579 786 3629 anderer
809 3579 937 3637 cassand,
967 3578 1067 3628 welcher
1093 3577 1133 3627 fur
1158 3576 1195 3626 die

184 3675 308 3724 Wahrheit
326 3676 402 3725 dieser
424 3678 590 3741 hiisserungsn
612 3675 718 3740 spricht‚
742 3677 774 3724 ist
788 3677 845 3735 der,
869 3676 923 3725 dass
940 3675 1070 3748 erxtPlato)
1089 3674 1141 3722 eine
1158 3689 1196 3738 gc-

184 3771 294 3836 doppelte
313 3770 468 3836 Philosophia
490 3770 570 3830 hatte,
589 3771 641 3820 eine
658 3775 751 3820 abssere
768 3771 817 3820 und
834 3771 917 3820 iuuere
933 3770 990 3819 oder
1007 3769 1129 3834 gebeima,
1147 3769 1193 3817 und

184 3869 237 3916 dass
262 3883 286 3916 es
307 3867 348 3916 ftr
372 3867 409 3916 die
432 3867 529 3916 letztere
552 3867 613 3915 auch
636 3867 764 3915 besondere
788 3866 908 3916 Schriften
932 3865 1000 3930 gab?
1035 3865 1072 3914 ef.
1090 3864 1194 3914 eiusdem

185 3964 269 4013 Gcsch.
286 3963 328 4013 der
344 3962 435 4013 Philos.
455 3963 548 4013 v01.1.
567 3981 589 4028 p.
609 3963 747 4012 coc-222.

217 4062 241 4122 2)
267 4062 324 4118 Ast,
348 4057 455 4109 Platou's
479 4060 506 4109 L.
531 4076 554 4109 u.
577 4059 644 4108 Schr.
667 4076 690 4124 p.
715 4058 762 4108 510
788 4075 821 4123 sq.
850 4057 1064 4116 Schleiermscher,
1089 4055 1194 4106 Platon's

187 4155 284 4215 Werke,
310 4155 338 4213 1,
355 4155 384 4203 P.
401 4155 427 4213 1,
452 4171 476 4222 p.
502 4154 605 4205 11-15.
635 4154 844 4217 Trendeleuburg,
867 4153 896 4203 de
917 4153 981 4203 Ideis
998 4169 1023 4217 p.
1040 4153 1063 4202 2.
1092 4151 1191 4210 Sochcr,
