2746 4950
666 310 707 368 49

1037 399 1047 430 t

180 516 294 592 μονοτὸς
317 515 352 580 ὢν
375 514 525 595 atthava.
550 516 613 576 351
638 512 681 577 D:
706 514 796 586 ποίίος
819 515 854 579 ίνν
877 515 943 588 icoc
967 518 997 580 ού
1021 516 1189 593 ύιιυμιιττὸν

179 636 203 698 εί
221 634 313 698 ποίύοι.
349 632 487 696 Plurima
505 631 654 696 eiusmodi
676 641 855 717 exaggerata
870 633 953 697 dicta
970 635 1103 698 offerunt
1118 634 1189 718 Epi·

182 753 296 843 stolpe,
322 752 370 816 uti
392 775 422 836 p.
448 753 509 816 327
537 749 578 813 O:
603 751 666 828 βίον
683 753 839 837 οίμύχοινον
856 755 1057 832 μοικοιριύτντι.
1073 776 1103 850 p.
1122 755 1184 815 351

182 871 225 934 n:
262 869 400 935 Σικελίοιν
431 869 523 934 πένύει
554 869 719 949 περιβαλὼν
750 871 854 951 μυρίῳε
889 871 1001 955 quibus
1029 871 1080 935 vix
1104 870 1192 935 aliud

181 988 370 1076 manifestius
395 986 511 1051 fraudis
536 986 685 1051 indicium
707 989 848 1075 reperias.

225 1107 403 1190 Sequuntur
425 1106 550 1169 haecce:
579 1106 628 1171 κοιί
652 1106 717 1180 ὁρῶν
740 1106 827 1199 δήπου
851 1106 915 1177 τοὺς
939 1104 1041 1188 &ripas
1066 1108 1093 1170 ἐν
1115 1105 1186 1187 χρό’

181 1252 217 1306 νῳ
245 1229 333 1307 ὀλίγῳ
360 1226 466 1306 χρυσὸν
487 1223 696 1301 ἀποδείξαντας
722 1227 773 1299 τὴν
796 1225 951 1305 ἔμπροσθεν
973 1227 1121 1292 πολιτείοιν
1150 1226 1190 1290 τοί

181 1343 293 1410 τ’ίιλλοι
316 1345 364 1409 νιοιί
388 1344 473 1428 Φίλον
495 1341 584 1423 οίνδροι
607 1327 883 1430 ἐμοί-πρεσβύτερον
907 1344 1063 1424 Συκροίτν,
1086 1343 1115 1408 ὃν
1136 1345 1193 1421 ἐγὼ

182 1465 287 1545 σχεδὸν
310 1466 358 1528 οὐκ
381 1462 416 1528 ίιν
439 1463 629 1543 αἰσχυνοίμην
653 1464 736 1528 εἰπὼν
753 1463 931 1528 δικοιιύτοιτον
947 1459 1018 1527 sicar
1033 1468 1089 1527 τῶν
1105 1463 1190 1543 τότε,
1240 1492 1242 1497 ·

184 1583 233 1646 ε’πί
261 1607 326 1647 τινοι
355 1588 411 1646 τῶν
441 1590 563 1663 πολιτῶν
586 1584 649 1659 μοί
672 1582 770 1660 ἐτίμων
793 1553 924 1659 ἔπεμπον
947 1581 1001 1663 βίον
1024 1580 1133 1657 ίιξουτοι
1157 1583 1193 1652 ὡς

182 1701 424 1778 οἶπούιινούμενον,
448 1698 496 1765 ίνοο
518 1700 550 1772 δὴ
574 1699 695 1779 μετέχοι
719 1705 773 1764 τῶν
796 1698 982 1780 πριονμοίτυν
1007 1702 1104 1770 οιύτοῖς
1136 1698 1195 1764 είτε

184 1820 317 1897 βούλοντο
345 1818 403 1883 είτε
433 1819 488 1892 μή·
519 1820 532 1883 ὃ
563 1818 592 1881 δὲ
623 1821 672 1882 ούκ
700 1819 842 1892 ἕπείύετο,
871 1822 931 1882 πῖον
963 1819 991 1882 δὲ
1022 1819 1193 1884 ἐκινδύνευσε

185 1939 286 2001 πιούείν
317 1937 380 2014 πρὶν
407 1938 524 2001 οίνοοίοιν
552 1939 651 2008 adroic
682 1936 769 2016 ἔργον
792 1937 924 2014 osculata
947 1938 1089 2009 κοινωνός.
1114 1935 1135 2002 ii
1159 1938 1191 2011 hh

186 2057 288 2121 ποίντοι
311 2059 431 2136 κοιύορῶν
454 2056 503 2120 κού
527 2053 553 2119 εί
571 2059 623 2119 τιν’
645 2052 729 2118 ύίλλοι
748 2061 871 2120 τοιοῦτον
886 2058 917 2119 ού
933 2058 1056 2138 σμικροὶ,
1074 2056 1193 2136 ἐδυσχέ-

187 2174 261 2255 ροινοί
284 2198 318 2238 τε
340 2172 389 2238 uui
412 2173 539 2251 ἐμοιυτὸν
561 2174 750 2250 ἕποονύνοινον
773 2174 833 2238 οίπὸ
855 2179 909 2238 τῶν
932 2174 999 2239 τότε
1021 2181 1125 2239 κοινῶν.

152 2332 155 2335 ι
230 2291 344 2355 Totum
364 2291 466 2355 locum
486 2291 645 2375 descripsi,
662 2298 698 2354 ut
715 2290 973 2355 animadvertatur
991 2291 1195 2355 anacoluthon

187 2432 248 2494 quo
279 2410 430 2474 sententia
459 2408 595 2487 laborat3
620 2409 703 2494 prius
735 2432 806 2472 vero
835 2432 927 2493 quam
954 2409 987 2473 id
1018 2408 1193 2488 ostendam,

187 2531 247 2594 alia
270 2528 420 2614 quaedam
442 2527 586 2593 notanda.
624 2528 730 2608 Χρντὸν
746 2527 957 2604 ἀποδείξοντος
973 2532 1025 2605 τὴν
1041 2529 1195 2610 ίμπμούεν
1238 2569 1244 2582 ,

188 2649 336 2713 πολιτείοιν
359 2647 442 2711 haud
475 2647 636 2710 invenuste
667 2646 784 2710 dictum
817 2654 863 2710 est
893 2648 932 2710 ad
963 2648 1195 2733 significandum

189 2771 377 2853 praesentem
408 2765 593 2851 reipublicae
624 2765 918 2830 administrationem
940 2773 1003 2829 tam
1027 2789 1196 2852 perversam

103 2878 108 2890 ’
188 2887 297 2964 fuisse,
329 2895 365 2950 ut
387 2885 469 2970 prior
491 2907 592 2951 rerum
615 2892 713 2948 status
738 2907 862 2949 aureum
886 2886 1041 2950 saeculum
1066 2888 1194 2972 (merum

189 3006 309 3088 aurum)
340 3003 501 3068 videretur.
548 3001 797 3067 Hemsterhusius
830 3004 868 3066 ad
894 3003 1024 3068 Luciani
1046 3003 1193 3089 Necyom.

189 3147 215 3187 c.
241 3127 261 3186 4
284 3123 355 3207 (vol.
382 3126 409 3187 1.
433 3145 463 3207 p.
488 3123 584 3206 460),
609 3121 663 3205 qui
686 3121 775 3206 plura
790 3122 884 3186 huius
901 3123 1043 3211 dictionis
1061 3124 1196 3208 exempla

189 3267 205 3307 e
228 3241 382 3320 Luciano,
406 3241 566 3326 Eunapio,
589 3240 770 3319 Plutarcho,
795 3237 903 3305 Dione
917 3241 1038 3321 Cassio,
1056 3243 1195 3321 exhibet,

190 3369 294 3427 monet
325 3362 449 3426 ductam
479 3383 543 3424 esse
574 3361 611 3425 ab
642 3361 790 3447 Euripide
821 3361 929 3428 Troad.
956 3386 998 3426 vs.
1024 3365 1107 3441 432,
1142 3364 1196 3426 ubi

191 3480 360 3546 Cassandra
382 3481 414 3544 in
438 3479 559 3544 Ulixem
582 3479 674 3544 dicit:

346 3601 381 3672 ὡς
407 3599 513 3679 χρυσὸς
538 3601 616 3680 οιύτῷ
639 3600 724 3678 vulpi
748 3599 797 3663 κού
822 3606 939 3680 Φρυγῶν
962 3601 1041 3664 κνικίι

347 3718 418 3796 δύξει
442 3722 506 3783 ποτ’
529 3715 609 3786 είνοιι.

192 3839 283 3904 Unde
306 3848 337 3903 et
358 3838 391 3903 in
414 3839 471 3902 hac
495 3838 623 3924 epistola
646 3845 676 3902 et
698 3839 804 3903 ceteris
827 3839 859 3902 in
883 3837 957 3902 locis
978 3861 1032 3922 pro
1050 3837 1196 3922 adjectivo

192 3959 324 4043 (χρυσῆν)
358 3955 566 4042 reponendum
597 3964 700 4020 censet
730 3956 957 4021 substantivum
987 3958 1111 4037 χρυσόν,
1148 3956 1197 4018 oui

193 4075 398 4160 adstipulatur
428 4073 563 4138 Cobetus
593 4075 624 4137 in
652 4073 723 4138 Var.
747 4073 832 4138 Leot.
857 4098 887 4160 p.
913 4077 976 4152 236
1002 4081 1032 4138 et
1055 4074 1199 4158 suffraga-

1060 4196 1079 4249 4
