2746 4950
676 355 715 416 85

193 560 328 623 omnium
342 582 420 643 quae
429 560 594 644 Dionysius
607 561 737 645 superbe
750 568 780 624 ct
792 561 966 646 importune
978 563 1090 625 faceret
1099 586 1200 626 suaso-

132 681 134 684 ’
192 702 256 742 rem
269 679 297 741 ci
310 679 403 741 fuisse
416 677 584 742 Platonem.
610 679 659 742 Ad
671 679 745 743 haec
758 687 920 764 postquam
932 680 1081 766 Dionysio
1093 682 1125 745 in
1140 705 1200 745 me-

191 796 317 860 moriam
334 791 503 875 revocavit,
526 821 557 861 se
581 820 651 862 cum
665 799 720 862 illo
731 798 809 862 nihil
822 800 883 863 fere
894 806 949 863 τῶν
962 806 1112 865 πολιτικῶν
1124 808 1200 864 trac-

192 923 271 980 tasse
303 916 362 978 nisi
392 913 475 979 dala
499 941 531 978 τε
557 916 680 996 βρνιχένι
702 914 782 981 clarc
805 916 855 981 acl
879 917 942 997 arpi
965 918 1006 982 ccl
1028 923 1083 982 τῶν
1108 919 1199 996 νόμων

190 1034 324 1112 προοίμιον
358 1031 566 1098 σπουδάσαντα
600 1035 640 1119 (p.
677 1037 741 1128 ale
778 1036 834 1118 A),
867 1036 931 1120 jam
964 1036 1001 1099 ad
1037 1044 1202 1121 utramque

189 1151 430 1215 criminationem
453 1175 484 1215 sc
506 1175 722 1236 responsurum
746 1152 843 1216 dicit:
869 1129 1005 1232 aptabat
1028 1154 1060 1229 δή
1083 1175 1130 1231 ’μοι
1144 1156 1199 1220 διτ-

190 1269 246 1342 acle
269 1271 429 1346 ἀννιγιιιιῑνν
452 1271 623 1344 ποιήσασθαι
646 1271 702 1342 τὰς
724 1271 898 1348 ἀπολογίαις.
927 1271 1063 1335 Primum
1086 1272 1197 1362 crimen

189 1389 311 1473 repellit
342 1389 545 1453 ostendendo:
575 1392 611 1459 ὡς
640 1390 754 1463 εἰκότως
777 1414 819 1455 σοι
843 1391 952 1470 ἔφυγον
975 1400 1110 1458 κοινωνεῖν
1134 1393 1196 1475 περὶ

188 1508 230 1573 τὰ
252 1516 305 1582 τῆς
329 1507 437 1581 πόλεως
461 1511 642 1587 πράγματα.
689 1508 726 1572 Id
751 1509 860 1593 probat
886 1511 1096 1574 ceommercio
1113 1513 1196 1595 quod

189 1629 248 1712 ipsi
276 1626 431 1711 Syracusis
455 1627 578 1711 degenti
601 1650 670 1691 cum
695 1625 843 1712 Dionysio
867 1629 1101 1706 intercessisset,
1127 1637 1196 1692 cte

189 1747 309 1810 casibus
340 1769 417 1830 quos
447 1746 490 1810 ibi
519 1753 598 1810 esset
629 1753 779 1831 expertus
826 1747 994 1825 Memorat,
1019 1770 1114 1831 quum
1138 1749 1196 1833 pri-

187 1888 274 1929 mum
289 1866 420 1928 venisset
436 1864 615 1950 Syracusas,
631 1865 778 1944 Dionem,
796 1867 946 1952 optimum
961 1867 1074 1944 virum,
1092 1889 1110 1930 a
1124 1867 1197 1930 Dio-

186 1984 275 2068 nysio
298 1983 460 2068 expulsum
483 2007 564 2061 esse,
585 2007 617 2047 se
639 1985 672 2048 in
689 1984 759 2048 aula
774 1985 853 2048 inter
868 1985 958 2049 vilem
974 1992 1195 2049 assentatorum

188 2103 310 2167 turbam
340 2110 512 2180 retentum;
544 2127 561 2166 a
592 2126 653 2186 quo
683 2109 819 2188 tempore
848 2104 941 2167 missa
971 2127 1003 2168 se
1026 2104 1131 2168 fecisse
1154 2106 1195 2169 rol

189 2222 343 2304 πολιτικαὶ,
366 2221 460 2304 idque
484 2244 581 2285 unum
604 2222 700 2306 egisse
723 2230 760 2286 ut
774 2221 955 2306 Dionysium
971 2230 1001 2286 et
1016 2222 1145 2287 Dionem
1162 2224 1193 2287 in

187 2339 317 2424 gratiam
340 2340 557 2404 reconciliaret.
591 2339 749 2404 Postremo
772 2363 804 2404 sc
828 2363 846 2404 a
868 2340 1016 2426 Dionysio
1036 2342 1194 2405 dimissum

142 2464 144 2468 '
188 2481 253 2522 esse
283 2459 341 2522 boc
372 2466 475 2544 pacto,
507 2465 561 2537 ut,
593 2457 715 2543 quando
746 2458 862 2523 bellum
893 2460 976 2543 quod
1006 2467 1074 2524 tum
1097 2460 1134 2524 ab
1158 2483 1193 2524 eo

186 2577 349 2662 gerebatur
379 2577 580 2662 compositum
612 2584 704 2655 esset,
730 2600 792 2641 una
815 2601 885 2642 cum
907 2578 1008 2643 Dione
1030 2578 1193 2664 Syracusas

185 2704 394 2762 reverteretur.
442 2697 520 2762 Pace
551 2720 622 2762 vero
648 2699 743 2776 facta,
768 2720 864 2782 quum
887 2698 951 2783 ipsc
976 2698 1058 2762 solus
1082 2721 1100 2760 a
1121 2697 1193 2760 Dio·

186 2815 272 2900 nysio
307 2823 515 2893 revocaretur,
551 2816 684 2902 primum
720 2839 751 2880 se
785 2815 817 2880 id
849 2816 1007 2894 abnuisse,
1039 2824 1192 2902 postremo

185 2943 286 2999 tamen
317 2935 433 2999 triremi
456 2958 565 3021 aroge
588 2921 725 3000 Athenas
748 2935 840 2999 missa
863 2934 1057 3013 arcessitum,
1082 2936 1191 3000 Dionis

185 3023 412 3139 amicorumque
435 3054 559 3118 hortatu
581 3055 614 3118 in
634 3053 772 3118 Siciliam
795 3055 965 3145 profectum
988 3076 1069 3132 esse,
1087 3077 1190 3139 caspe

184 3176 248 3238 fore
278 3180 314 3238 ut
342 3179 469 3259 ruptum
499 3172 681 3257 Dionysium
712 3172 791 3237 inter
821 3179 852 3236 et
882 3172 1014 3237 Dionem
1041 3172 1190 3237 amicitiae

184 3293 341 3357 vinculum
364 3298 526 3378 repararet.
573 3289 678 3371 Quum
701 3298 803 3355 autem
826 3291 988 3376 Syracusas
1009 3292 1140 3356 venisset
1161 3299 1191 3355 et

184 3410 266 3496 apud
289 3418 453 3495 tyrannum
476 3430 531 3494 pro
553 3410 649 3473 amico
664 3409 878 3487 intercederet,
895 3432 927 3472 se
942 3408 1102 3473 fallacibus
1117 3408 1191 3473 Dio·

182 3531 262 3616 nysii
281 3528 437 3614 promissis
453 3550 487 3591 ao
504 3527 582 3591 dolis
600 3527 719 3592 clusum
735 3551 800 3592 esse
816 3535 847 3592 ct
862 3527 1040 3613 deceptum,
1057 3527 1189 3592 Dionem

181 3649 269 3715 bonis
301 3655 445 3725 exutum,
477 3646 655 3711 familiarem
680 3646 744 3711 cius
767 3647 962 3711 Heraclidem
985 3646 1119 3732 pulsnm,
1144 3669 1189 3711 ce·

180 3778 260 3833 toros
284 3766 395 3829 amicos
419 3772 536 3849 spretos
560 3772 591 3829 et
613 3765 735 3830 territos
760 3787 840 3842 esse,
863 3787 898 3828 eo
914 3772 1089 3850 praetextu,
1104 3763 1187 3849 quod

180 3887 313 3950 Dionem
335 3884 432 3970 pluris
459 3885 592 3948 facerent
616 3884 742 3968 eiusque
766 3883 848 3947 salus
872 3884 969 3969 magis
991 3882 1075 3947 cordi
1090 3883 1128 3946 iis
1144 3906 1188 3948 es·

180 4016 227 4071 set
250 4028 341 4090 quam
364 4004 515 4089 Dionysii.
550 4005 652 4084 Haec,
675 4005 794 4089 inquit,
815 4004 998 4088 documento
1023 4012 1096 4068 sunt
1111 4005 1185 4088 (τῆς)

181 4126 245 4206 περὶ
271 4124 312 4190 τᾶν
335 4124 473 4189 πολιτικὰ
494 4125 636 4198 actuariae
662 4133 713 4200 τῆς
737 4126 808 4201 ἐμῆς
832 4124 882 4189 aa}
905 4133 972 4206 σῆς,
995 4124 1025 4190 h.
1047 4146 1072 4187 e.
1096 4123 1185 4211 quale
