2746 4950
656 335 718 396 158

181 537 263 602 ντθλνν
282 539 468 618 ἐλευθεροῖ,
492 541 596 618 ruptus
618 540 696 621 αὐτῷ
718 541 768 605 καί
791 541 868 618 γένεο
890 541 1041 624 οίείζωον
1064 545 1132 610 ἀντί
1148 570 1191 610 ru

178 657 300 738 ρανννθος
320 657 462 740 ἐφημέρου
486 658 534 722 καὶ
558 658 656 723 οίδίκου
678 660 830 736 κτώμενος.
862 659 919 724 llle
940 660 1110 746 Syracusas
1130 665 1190 748 qui·

176 776 285 861 'doma
308 775 441 861 Callippi
463 776 668 842 dominatione
688 778 842 857 liberavit,
864 779 917 843 sad
929 779 1025 866 hujus
1042 781 1114 846 loco
1129 783 1189 867 ipse

178 895 337 978 occuparit
358 894 565 979 tyrannidem,
590 918 668 980 quae
690 897 809 982 imperii
831 899 962 963 mutatio
980 922 1061 964 num
1073 901 1190 966 civibus

178 1012 311 1077 multum
340 1014 505 1098 profuerit,
537 1024 583 1078 est
605 1014 689 1099 quod
712 1015 850 1094 dubites,
872 1017 898 1079 si
925 1016 1003 1102 legis
1032 1017 1190 1083 Plutarchi

178 1130 270 1196 verba
306 1130 338 1195 in
375 1130 581 1210 Timoleonte,
614 1155 639 1197 c.
673 1136 709 1197 l:
740 1134 823 1200 Έτεί
851 1135 927 1200 Δίων
958 1136 1013 1213 μὲν
1045 1135 1190 1212 ἕξέλασας

179 1248 323 1315 Δνονθσνον
345 1250 393 1314 τὸν
415 1249 547 1328 τύραννον
570 1251 650 1324 εὐθὺς
672 1251 786 1332 οίνρρίθν
809 1251 898 1334 δθλιρ,
922 1253 973 1318 καί
994 1253 1154 1330 διέστησαν
1168 1255 1189 1319 οί

178 1367 229 1431 σὺν
258 1367 342 1433 Δίωνι
362 1368 568 1446 Συρακουσίους
588 1369 841 1452 ἐλευθερώσαντες,
863 1374 880 1448 ἡ
899 1371 933 1434 δὲ
952 1371 1059 1444 ντθλος
1079 1372 1188 1438 ἄλλον

178 1483 214 1560 ἐξ
247 1485 358 1551 ἄλλον
389 1487 659 1564 μεταβαλοῦσα
689 1488 852 1566 τύραννον
879 1487 1090 1575 (Callippum,
1116 1483 1189 1577 Hip

179 1605 336 1689 parinum,
360 1603 535 1689 Nysaeum,
559 1606 740 1690 Dionysium
762 1608 921 1692 minorem)
944 1610 1011 1672 ὑπὸ
1033 1612 1190 1685 πλήθους

178 1729 292 1788 κακῶν
313 1723 433 1804 μικρὸν
456 1719 636 1790 οίτθλοτεν
659 1725 787 1805 ἔρημος
810 1723 899 1792 εἶναι
922 1727 993 1792 κτὲ.
1029 1727 1190 1814 Itaquein

180 1842 262 1905 omni
292 1842 349 1905 hac
379 1842 552 1906 narratione
584 1843 776 1926 agnoscimus
807 1843 958 1908 rhetorem
981 1866 1038 1930 pro
1064 1846 1190 1911 arbitrio

179 1983 226 2025 res
250 1968 411 2045 augentem
435 1960 482 2025 vel
505 1961 701 2025 minuentem.

222 2197 408 2262 Referuntur
429 2199 520 2262 etiam
543 2197 690 2282 quaedam
714 2220 731 2262 e
753 2198 889 2283 priorum
905 2206 1082 2283 temporum
1097 2201 1190 2266 histo

179 2317 224 2380 ria
246 2339 344 2401 neque
368 2326 506 2381 accurate
529 2339 628 2401 neque
651 2339 667 2380 e
689 2325 789 2380 mente
812 2316 959 2381 Platonis.
996 2316 1187 2384 Huiusmodi

179 2444 251 2500 sunt
274 2459 351 2521 quae
373 2437 406 2500 in
429 2436 567 2522 Epistola
589 2436 670 2516 VII,
697 2461 725 2523 p.
753 2440 836 2515 332,
865 2436 902 2500 dc
925 2435 1012 2501 Darii
1034 2459 1134 2522 regno
1158 2447 1188 2503 et

179 2555 216 2618 de
247 2555 437 2619 Athenarum
460 2557 632 2640 principatu
656 2554 810 2650 dicuutur.
824 2556 848 2640 l)
894 2554 1035 2639 Dionysii
1057 2558 1186 2622 maioris

178 2674 339 2759 imperium
370 2681 523 2758 comparat
553 2695 622 2738 cum
645 2674 731 2737 Darii
753 2696 847 2757 regno
871 2681 901 2737 et
923 2695 993 2736 cum
1017 2673 1189 2740 Athenien·

179 2792 257 2855 sium
296 2792 487 2877 principatu,
524 2813 654 2875 quorum
684 2790 739 2854 hos
777 2790 936 2855 immodice
975 2791 1118 2871 extollit,
1155 2794 1189 2859 il·

179 2910 243 2974 lum
266 2909 417 2995 deprimit.
442 2909 537 2975 'Pctus
561 2909 611 2973 hic
634 2908 719 2973 locus
747 2931 905 2994 expressus
930 2918 975 2973 est
998 2932 1013 2973 e
1036 2910 1188 2991 Platone,

180 3028 231 3091 sed
262 3029 321 3106 ita,
355 3037 390 3092 nt
419 3029 452 3092 in
479 3028 572 3092 altero
596 3027 830 3113 philosophum,
854 3029 886 3092 in
910 3028 1005 3092 altero
1029 3029 1188 3096 rhetorem

178 3146 266 3210 facile
289 3169 443 3231 agnoscas.
489 3146 577 3211 Plato
600 3145 705 3232 (Legg.
725 3144 796 3224 III,
813 3169 843 3232 p.
862 3149 925 3209 694
941 3150 1018 3231 sqq.)
1035 3156 1188 3233 tanquam

178 3264 331 3350 exempla,
354 3265 481 3329 alterum
503 3266 687 3341 δεσποτείας,
708 3265 838 3330 alterum
852 3266 1020 3345 ἐλευθερίας,
1038 3270 1188 3352 proponit

177 3408 305 3470 regnum
334 3385 494 3449 Persarum
521 3393 551 3450 et
574 3385 791 3470 rempublicam
815 3384 1067 3464 Atheniensium,
1094 3390 1189 3453 utin

178 3503 225 3566 his
256 3503 449 3580 ostendatur,
482 3502 593 3586 quibus
624 3504 723 3567 causis
754 3504 891 3567 civitates
922 3512 1059 3568 crescant
1087 3515 1122 3569 et
1145 3507 1188 3570 la-

178 3622 298 3686 bantur.
344 3620 458 3685 Noster
489 3622 577 3687 ambo
608 3612 681 3686 h'aec
709 3623 835 3707 imperia
862 3629 1014 3708 comparat
1041 3644 1116 3687 cum
1144 3632 1189 3710 ty·

177 3740 303 3804 rannide
332 3740 488 3824 Dionysii,
516 3749 553 3806 ut
576 3749 725 3824 quantum
753 3741 826 3805 haec
849 3740 910 3804 illis
937 3740 1061 3804 inferior
1091 3743 1188 3808 fuerit

177 3869 329 3944 appareat.
383 3859 465 3922 Talis
500 3862 684 3944 comparatio
718 3867 904 3944 quantopere
925 3858 1089 3937 claudicet,
1117 3863 1188 3945 quis

214 4117 237 4177 l)
255 4117 372 4166 Disseruit
389 4117 418 4166 de
435 4117 480 4166 hoc
497 4116 549 4165 loeo
567 4116 692 4175 Salomon,
710 4116 736 4166 ll.
753 4132 777 4181 p.
797 4116 836 4166 18.
