2746 4950
647 351 708 409 252

635 555 721 620 XIV.

221 793 299 857 Vere
323 794 411 858 Plato
434 796 632 880 praecipuum
655 796 831 881 philosophi
853 821 966 862 monus
990 799 1026 862 in
1055 799 1116 862 hoo
1142 823 1190 885 po

176 913 268 976 sitnm
300 912 374 977 dicit
397 913 536 996 (Phaedr.
561 939 591 1000 p.
616 916 679 978 265
704 915 733 978 D
757 914 811 999 El:
836 917 875 988 εἰς
899 919 972 994 μίαν
991 921 1023 982 τ’
1035 917 1115 982 ἰδέαν
1126 918 1190 995 ξυν-

176 1035 267 1112 νρῶντ’
289 1030 373 1110 ἄγειν
388 1033 429 1097 τα
445 1041 589 1114 πολλαχῆ
605 1034 818 1116 διεσπαρμένα,
836 1041 867 1098 et
882 1035 1018 1099 vicissim
1036 1040 1106 1101 κατ’
1126 1037 1188 1112 εἴδη

176 1153 311 1218 δύνασθαι
334 1153 509 1235 διατέμνενν,
535 1157 601 1218 κατ’
625 1151 729 1233 ἄρθρα,
754 1152 773 1236 ᾖ
794 1153 933 1238 πέφυκεν.

645 1389 715 1454 XV.

225 1625 312 1705 Quae
348 1626 380 1690 in
419 1627 592 1691 Aristotelis
632 1627 850 1713 Metophysicis
880 1629 913 1707 I,
936 1632 985 1708 ’6,
1019 1631 1196 1695 afferuntur

181 1744 318 1809 Platonis
342 1745 470 1830 placita,
503 1769 538 1810 ee
567 1769 628 1811 non
661 1770 697 1812 ex
732 1746 879 1830 ανρνὶφας
910 1748 1062 1828 δόγμασι,
1093 1751 1150 1814 sed
1180 1772 1196 1813 e

182 1863 319 1927 Platonis
342 1863 471 1948 dialogis
495 1864 601 1929 effecto
624 1888 687 1930 esse
710 1865 872 1930 contendo.

644 2101 731 2167 XVI.

227 2339 399 2403 Imitatores
430 2339 518 2403 nullo
549 2340 660 2403 certius
690 2339 804 2404 indicio
840 2341 1067 2425 dignoscuntur
1097 2365 1115 2405 o
1147 2365 1197 2425 ge

182 2459 278 2522 noino
301 2459 447 2544 scriptore
470 2481 561 2543 quem
585 2457 669 2543 quod
691 2467 818 2544 pereant
840 2455 943 2524 nimio.

633 2697 738 2762 XVII.

226 2933 264 2997 In
295 2934 468 2998 Aristotelis
500 2934 672 3019 Metaphys.
701 2933 734 3012 I,
769 2937 806 2997 6:
838 2933 871 3007 ἐξ
894 2935 1002 2999 ἐκείνων
1025 2935 1086 3014 γὰρ
1110 2935 1194 2999 κατα

183 3052 295 3131 μέθεξιν
328 3060 379 3120 τοῦ
414 3054 472 3126 ἑνὸς
503 3054 544 3119 τα
572 3053 634 3129 εἴδη
658 3050 817 3126 εἶναιτοὺς
841 3054 990 3134 ἀριθμούς,
1011 3052 1104 3116 verba
1125 3055 1194 3124 τοὺς

183 3173 316 3253 αρνθαρὺς
340 3173 377 3237 ab
400 3173 616 3258 interpolatore
640 3172 744 3236 addita
767 3165 831 3236 es'se
855 3194 970 3261 censeo.

626 3407 748 3472 XVIII.

231 3646 269 3710 In
290 3645 426 3709 Platonis
446 3644 602 3721 Phaedro,
623 3667 652 3728 p.
670 3645 730 3708 177
749 3642 795 3705 D:
809 3645 844 3714 ὡς
857 3641 915 3706 εἴτε
927 3641 1040 3712 Λύσιας
1053 3640 1069 3715 ἤ
1082 3665 1127 3710 τις
1139 3639 1193 3704 ἄλ-

186 3779 235 3836 λος
259 3765 369 3828 πώποτ’
392 3761 553 3843 ἔγραψενῆ
574 3762 683 3842 γραψεν
703 3760 759 3843 ἰδία
779 3760 795 3835 ἢ
818 3759 957 3841 δημοσία,
975 3757 1074 3835 νόμους
1087 3759 1191 3839 τιθεὶς,

186 3883 378 3963 ξύγγραμμα
408 3882 552 3947 πολιτικὸν
582 3883 721 3963 γράφων,
750 3879 800 3944 καὶ
824 3877 961 3956 μεγάλαν
984 3879 1036 3942 τιν’
1059 3879 1088 3941 ἕν
1113 3880 1192 3958 αὐτῷ

187 4004 373 4083 βεβαιότατα
414 4002 569 4080 ἡγούμενος
611 4002 690 4075 ure,
726 3999 817 4063 verba
851 3998 950 4075 νόμους
984 3996 1085 4072 τιθεὶς,
1122 3995 1194 4075 ξύγ-

187 4147 319 4206 γρααμα
341 4123 485 4188 πολιτικὸν
507 4119 630 4202 γράφων
652 4119 790 4184 redolent
812 4117 1069 4204 interpolatorem.
