2746 4950
618 319 620 325 ’
667 321 729 381 240

195 539 247 607 τῆς
285 530 506 612 περιτρεχούσης
544 529 683 608 ἑταιρείας
721 526 831 602 ταύτης
869 536 921 603 τῆς
959 534 1019 594 τῶν
1061 531 1206 596 πλείστων

193 650 298 728 Φίλων.

238 768 298 832 Hic
313 769 408 854 igitur
422 768 482 832 fuit
504 767 585 832 fetus
608 766 845 832 obtrectatorum
869 774 899 830 et
923 765 1203 846 calumniatorum,

193 889 247 973 qui
273 887 409 951 Platonis
428 888 538 964 vitam,
559 908 673 965 mores,
687 884 911 971 philosophiam
922 893 989 949 atro
1001 885 1140 951 carbone
1152 909 1202 951 no

191 1015 296 1072 terunt
318 1015 349 1072 et
364 1008 480 1093 justam
503 1005 659 1092 apologiae
674 1005 879 1091 praebuerunt
894 1006 1066 1072 materiem,
1098 1006 1199 1088 Quam

191 1127 265 1192 scite
294 1149 364 1190 vero
387 1133 418 1190 et
441 1134 510 1211 apte
533 1124 699 1190 defensoris
721 1147 848 1189 munere
870 1125 996 1189 iunctus
1021 1127 1065 1190 sit
1078 1125 1199 1212 Episto

189 1247 234 1311 lae
257 1247 402 1331 scriptor,
422 1247 485 1331 jam
508 1245 622 1331 passim
645 1243 923 1309 animadvertimus.
971 1242 1067 1325 Quod
1092 1254 1193 1311 autem

190 1366 227 1430 ad
248 1364 499 1430 consuetudinem
526 1364 663 1428 Platonis
691 1386 760 1428 cum
787 1363 935 1449 Dionysio
955 1364 1087 1443 attinet,
1112 1367 1196 1430 nulla

188 1492 289 1571 potest
312 1509 375 1550 esse
398 1485 580 1570 praeclarior
602 1483 736 1549 defensio
759 1506 852 1568 quam
879 1483 1049 1548 exsulantis
1073 1487 1195 1570 tyranni

187 1605 410 1683 testimonium,
434 1605 515 1689 quod
539 1603 652 1689 legitur
674 1604 755 1689 apud
778 1603 996 1681 Plutarchum,
1029 1603 1145 1669 Timol.
1169 1629 1193 1670 c.

190 1727 248 1803 15,
278 1726 331 1809 qui
357 1724 536 1810 rogantibus
560 1724 759 1809 quibusdam,
785 1723 858 1808 quid
882 1723 1026 1788 utilitatis
1058 1749 1075 1788 e
1098 1725 1195 1810 philo

187 1844 275 1929 sophi
297 1844 518 1908 consuetudine
540 1844 685 1929 cepisset,
709 1842 886 1928 respondit:
903 1843 980 1908 οὐδέν
997 1866 1039 1907 σοι
1060 1844 1196 1922 δοκοῦμεν

187 1963 242 2028 ὑπὸ
264 1964 419 2036 Πλάτωνος
443 1965 633 2043 ὠφελεῖσδκι,
651 1964 746 2043 τύχης
764 1962 935 2040 μεταβολὴν
952 1960 1025 2026 οὕτω
1037 1962 1195 2045 φέροντεςς

186 2083 326 2160 „nihilne
348 2082 405 2147 tibi
428 2105 443 2145 e
466 2081 603 2146 Platonis
627 2081 820 2145 institutione
843 2080 1004 2166 profecisse
1032 2081 1192 2160 videmur,

187 2202 239 2285 qui
261 2202 401 2265 fortunae
424 2201 624 2266 mutationem
647 2212 709 2265 tam
732 2178 850 2286 placide
872 2199 1041 2264 ferimusP’

227 3027 247 3092 J
249 3052 296 3093 am
320 3030 358 3093 ad
374 3031 462 3094 finem
480 3030 618 3114 pervenit
632 3037 735 3093 nostra
752 3029 934 3114 disquisitio.
963 3028 1008 3093 Ut-
1024 3031 1192 3116 praecipua

182 3172 283 3214 rerum
319 3150 417 3235 capita
446 3150 551 3236 paucis
582 3149 847 3234 comprehendam,
877 3172 997 3214 summa
1026 3149 1103 3214 haec
1134 3159 1189 3215 est.

226 3269 382 3333 Tredecim
406 3291 483 3352 quae
506 3268 647 3332 feruntur
669 3268 805 3332 Platonis
828 3267 1000 3353 Epistulae,
1025 3269 1083 3332 etsi
1101 3291 1189 3354 argu-

181 3396 282 3452 mento
306 3396 337 3453 et
359 3387 458 3452 colore
481 3387 657 3466 dissimilar,
681 3395 840 3472 cognatam
863 3396 964 3453 tamen
986 3397 1040 3454 aut
1055 3390 1187 3455 vicinam

176 3507 314 3591 'produnt
345 3508 501 3592 originem.
549 3507 662 3573 Omnes
690 3509 809 3573 vultum
834 3516 864 3573 et
886 3509 1023 3576 habitum
1047 3513 1187 3578 referunt

181 3649 197 3690 a
227 3626 364 3691 Platonis
387 3628 509 3712 ingenio
533 3636 563 3692 et
585 3629 721 3694 moribus
745 3629 908 3695 diversum.
932 3631 1101 3719 Praecipua
1124 3644 1185 3700 tam

179 3769 279 3811 rerum
308 3747 395 3831 copia
426 3769 517 3831 quam
547 3749 690 3812 orationis
723 3749 811 3814 cultu
833 3759 880 3813 est
901 3749 997 3828 vssr,
1022 3773 1102 3835 quae
1126 3777 1185 3819 ma·

178 3865 283 3929 teriem
306 3866 367 3930 fere
393 3868 528 3931 continet
551 3890 567 3931 e
590 3891 651 3952 qua
674 3877 789 3934 ceterae
805 3870 867 3934 siut
883 3871 1012 3936 effectae.
1041 3872 1184 3940 Proxime

178 3983 216 4046 ad
248 3984 324 4048 hanc
357 3986 504 4050 accedunt
534 3986 599 4050 111⁰
624 3997 654 4052 et
684 3987 793 4068 VIIP,
826 4014 903 4076 quae
933 3993 978 4057 illi
1001 3994 1043 4057 ita
1068 3996 1182 4061 similes

177 4113 250 4168 sunt
273 4112 313 4173 ut
331 4105 367 4169 ab
392 4129 454 4170 uno
478 4109 590 4173 artifice
613 4112 769 4195 potuerint
792 4137 855 4178 esse
878 4117 1041 4181 confectae.
