2746 4950
588 337 591 344 ’
660 367 720 424 raa

188 572 280 634 huius
304 571 439 655 generis,
465 579 495 633 et
518 570 555 633 de
578 570 662 633 omni
685 570 837 653 animante
861 578 890 633 et
912 571 949 634 de
965 572 1134 635 animorum
1148 571 1191 633 in-

183 690 254 752 dole
276 697 308 753 et
330 689 368 752 de
391 689 533 753 omnibus
554 711 631 772 quae
657 689 785 753 facimus
809 712 843 753 ac
858 691 1000 774 patimur.
1025 689 1094 754 Nisi
1110 690 1190 754 enim

183 809 215 871 in
245 808 292 870 his
316 808 370 871 illa
393 816 526 891 quatuor
549 807 772 891 quodammodo
797 809 865 891 quis
889 816 1006 886 teneat,
1030 831 1189 893 nunqnam

184 925 316 1010 perfecte
346 926 448 1009 quinti
479 926 622 989 scientiae
653 927 804 1011 particeps
837 927 901 990 erit.
941 927 991 990 Ad
1013 900 1087 992 llaec
1110 929 1190 992 euim

183 1043 238 1108 illa
261 1067 324 1107 non
348 1045 449 1108 minus
474 1044 651 1128 qualitatem
676 1052 706 1108 et
729 1046 860 1129 speciem
880 1045 1027 1129 cuiusque
1043 1047 1190 1129 reiquam

184 1163 345 1247 essentiam
377 1169 407 1227 et
438 1164 499 1226 vim
530 1163 688 1237 ostendere
719 1171 868 1228 conantur
890 1171 1011 1249 propter
1038 1165 1189 1229 rationum

183 1283 382 1347 debilitatem.
429 1281 623 1367 Quapropter
653 1304 742 1346 uemo
773 1283 884 1346 mentis
916 1306 1038 1367 compos
1067 1283 1191 1349 audebit
1247 1319 1249 1324 ,

181 1424 320 1484 unquam
343 1401 376 1464 in
399 1401 453 1464 has
477 1400 633 1464 includere
656 1401 805 1485 cogitata,
823 1401 1043 1466 immutabilem
1060 1425 1190 1488 praeser-

114 1542 117 1545 ·
181 1520 238 1583 tim
269 1520 302 1582 in
333 1519 477 1595 formam,
510 1518 682 1583 cuiusmodi
714 1526 787 1583 sunt
815 1543 892 1603 quae
915 1521 1011 1584 literis
1034 1528 1189 1585 notantur.

181 1639 252 1703 Hoc
283 1645 385 1701 autem
417 1637 500 1721 quod
531 1660 613 1701 nunc
643 1638 706 1701 dixi
729 1662 834 1702 rursus
858 1647 903 1703 est
926 1639 1189 1704 considerandum.

182 1755 324 1836 Quilibet
353 1757 503 1834 circulus,
536 1756 640 1840 quales
672 1757 704 1821 in
733 1758 813 1821 vitae
837 1780 896 1821 usu
919 1758 1119 1836 adhibentur,
1144 1759 1190 1821 vel

181 1877 282 1960 pictus
313 1875 361 1938 vel
392 1884 481 1938 torno
511 1876 627 1952 factus,
653 1876 750 1939 multa
773 1875 866 1940 habet
889 1878 997 1960 quinto
1021 1877 1188 1942 contraria:

181 1994 388 2078 undequaque
417 1993 497 2056 euim
524 1993 599 2057 recti
621 1995 771 2079 particeps
795 2002 855 2072 est;
880 1996 980 2080 ipsum
1002 2018 1073 2059 vero
1097 1996 1191 2059 circu·

180 2115 248 2177 lum
269 2114 400 2177 fatemur
423 2112 501 2176 nihil
524 2134 579 2176 nec
603 2113 672 2197 plus
695 2136 749 2176 nec
773 2113 875 2177 minus
898 2115 931 2177 in
955 2137 985 2178 se
1009 2114 1119 2180 habere
1140 2138 1191 2179 na-

183 2240 272 2295 turae
295 2231 354 2316 ipsi
377 2231 555 2295 contrariae.
580 2229 701 2294 Nomen
725 2253 848 2316 quoque
865 2233 1046 2316 cuiusquam
1062 2233 1189 2297 istorum

183 2351 282 2415 ullum
304 2351 427 2414 firmum
450 2373 514 2414 esse
537 2373 702 2434 negamus:
726 2351 804 2415 nihil
828 2351 907 2415 enim
931 2357 1014 2416 vetat
1035 2363 1118 2417 recta
1140 2377 1190 2417 vo·

180 2469 243 2534 cari
260 2490 337 2553 quae
353 2491 436 2533 nunc
449 2468 581 2532 rotunda
592 2470 785 2533 nominamus
797 2471 991 2555 rotundaque
1003 2493 1081 2554 quae
1093 2480 1189 2550 recta,

183 2611 283 2673 neque
306 2588 407 2651 minus
431 2588 517 2651 firma
540 2610 575 2651 ea
598 2588 661 2650 fore
684 2588 860 2653 nominibus
876 2589 908 2652 in
924 2591 1108 2654 contrarium
1125 2614 1190 2655 mu·

182 2707 264 2769 tatis,
311 2705 426 2769 Eadem
449 2727 572 2788 quoque
596 2705 780 2795 definitionis
804 2708 882 2770 ratio
906 2716 967 2785 est,
993 2709 1065 2792 quia
1086 2733 1122 2773 ex
1138 2733 1189 2774 no·

182 2823 317 2888 minibus
349 2831 379 2886 et
407 2823 504 2887 verbis
522 2831 575 2887 'est
598 2825 781 2909 composita,
806 2837 843 2889 ut
865 2825 942 2889 nihil
966 2829 1094 2890 istorum
1118 2829 1190 2892 satis

182 2941 293 3005 habeat
316 2942 476 3005 firmitatis.
523 2941 650 3005 Infinita
665 2966 769 3006 rursus
786 2943 968 3008 documenta
984 2945 1114 3030 probant
1124 2947 1190 3010 illo-

184 3083 253 3123 rum
284 3068 417 3143 quatuor
446 3060 567 3124 nullum
592 3084 656 3124 esse
685 3068 817 3140 certum;
842 3064 1007 3127 maximum
1030 3088 1100 3130 vero
1124 3074 1187 3144 est,

183 3178 265 3262 quod
288 3178 380 3262 paulo
404 3185 475 3242 aute
498 3178 690 3257 dicebamuS,
716 3180 816 3263 quod,
843 3182 986 3265 quoniam
1010 3183 1072 3247 dno
1096 3193 1187 3264 sunt,

183 3297 313 3360 essentia
343 3303 373 3360 et
404 3297 552 3380 qualitas,
585 3320 681 3381 quum
710 3299 829 3381 animus
852 3323 914 3364 non
938 3301 1026 3385 quale
1050 3302 1124 3386 quid
1149 3304 1187 3366 sit

184 3414 236 3480 sed
267 3415 341 3498 quid
369 3415 409 3478 sit
432 3416 507 3480 seire
531 3425 672 3500 quaerat,
696 3418 755 3481 nisi
777 3418 901 3482 illorum
925 3427 1057 3503 quatuor
1080 3431 1198 3485 unum-¹

185 3609 352 3619 ——---

184 3731 314 3780 delineeto:
332 3731 421 3779 factum
439 3732 480 3780 cst
491 3732 521 3780 ed
541 3731 699 3781 imitationem
717 3733 824 3784 Platonis
833 3735 945 3795 Phaedri,
966 3736 1010 3785 Vid
1022 3737 1084 3786 infra
1093 3754 1116 3801 p.
1130 3739 1187 3789 200.

215 3828 241 3887 4)
258 3825 336 3890 Vulgo
354 3828 448 3878 κωλύειν.

216 3924 241 3984 5)
260 3921 349 3986 Vulgo:
370 3926 448 3980 ἱκανῶς
464 3925 569 3989 βεβαὶως
585 3924 639 3976 εἶναι
655 3930 760 3991 βέβαιον.
796 3927 861 3991 chci
878 3932 993 3994 βεβαίως,
1011 3931 1075 3993 quod
1093 3931 1186 3980 videtur
