2746 4950
668 331 822 421 arn

187 535 254 601 τότε
282 542 432 600 πολιτικῶν
455 532 526 600 εἶνοιι
549 535 689 601 κοινιονίνιν
713 537 781 617 πρός
801 562 848 613 σος
873 538 914 623 (p.
938 540 1002 601 316
1026 537 1076 621 D).
1122 536 1189 600 Jam

186 676 257 717 vero
281 653 398 745 etiamsi
414 653 630 731 concedamuS,
648 677 683 716 eo
698 654 778 717 facto
793 640 915 719 Platoni
931 655 1191 740 opportunitatem

186 773 279 837 luisse
318 763 465 836 ademtam
502 781 539 838 ut
568 773 752 858 Dionysium
782 774 992 859 philosophiae
1023 776 1191 859 praeceptis

185 893 336 956 imbueret
359 898 389 956 et
412 893 450 956 ad
475 893 546 956 boni
570 894 714 978 principis
738 894 867 979 effigiem
890 895 1107 970 conformaret,
1128 917 1190 958 non

184 1018 285 1074 tamen
309 1010 465 1095 probabile
489 1018 552 1087 est,
570 1012 688 1075 eumin
705 1011 776 1075 aula
791 1011 951 1096 degentem
968 1011 1005 1075 ab
1022 1013 1105 1075 omui
1120 1034 1190 1075 cum

185 1130 322 1214 principe
338 1130 518 1193 commercio
535 1130 572 1193 de
588 1130 719 1213 publicis
731 1131 862 1214 negotiis
873 1124 1018 1193 mansisse
1031 1136 1190 1194 remotum.

185 1247 269 1327 Quid
302 1249 384 1332 quod
412 1248 468 1311 hac
491 1249 523 1311 in
547 1256 632 1333 parte
656 1249 722 1333 ipsa
746 1249 875 1332 epistola
898 1249 956 1312 sibi
978 1271 1040 1312 non
1064 1256 1190 1313 constat.

183 1368 253 1431 dam
275 1367 426 1452 principio
449 1369 490 1452 (p.
516 1370 580 1431 316
604 1369 643 1452 A)
668 1368 779 1451 excipit
803 1366 886 1431 alana
909 1393 942 1433 τε
965 1369 1088 1449 βρνχὲιι
1111 1367 1192 1434 ἄνοον

183 1487 231 1550 nal
263 1487 304 1550 τοὶ
335 1491 390 1550 τῶν
424 1486 514 1563 νόμον
548 1487 709 1567 προοίμιον
724 1487 811 1570 quasi
834 1488 892 1550 hoc
914 1486 980 1550 leve
1003 1495 1082 1551 esset
1102 1511 1193 1574 nego·

182 1604 274 1682 tium,
307 1604 390 1688 quod
421 1604 544 1688 quidem
575 1628 590 1669 e
619 1604 756 1668 Platonis
788 1607 937 1669 sententia
966 1613 1030 1670 erat
1052 1607 1191 1691 gravissi-

182 1746 283 1801 mum,
315 1729 351 1787 ut
381 1716 506 1808 apparet
536 1746 572 1786 ex
602 1723 639 1786 iis
670 1744 747 1806 quae
777 1724 834 1786 hac
865 1724 902 1787 de
932 1748 965 1787 re
994 1723 1191 1808 disputantur

181 1843 214 1906 in
244 1842 322 1906 libro
353 1841 391 1905 de
422 1841 517 1927 Legg.
548 1840 611 1920 IV,
644 1866 674 1926 p.
709 1844 770 1906 722
800 1865 845 1926 sq.
869 1841 922 1905 ubi
946 1842 1055 1921 docet,
1080 1843 1191 1908 bonam

180 1961 280 2045 legem
311 1960 431 2025 duabus
447 1982 455 2000 s
463 1967 600 2026 constare
631 1962 787 2046 partibus,
820 1985 950 2046 quarum
979 1962 1074 2027 altera
1097 1965 1136 2026 sit
1157 1964 1191 2028 τὸ

182 2078 383 2158 ἐπιτοικνικόν,
416 2080 445 2143 h.
474 2103 498 2143 e.
524 2080 624 2164 ipsum
648 2081 723 2165 legis
747 2082 982 2165 praescriptum,
1008 2082 1136 2145 alterum
1158 2081 1191 2146 τὸ

182 2198 344 2271 πειστικόν,
376 2221 437 2282 quo
465 2199 543 2262 ratio
573 2199 649 2283 legis
682 2199 844 2283 exponitur
867 2207 897 2262 et
920 2199 1082 2276 suadetur,
1107 2200 1137 2263 h.
1162 2223 1189 2264 e.

181 2317 387 2402 prooemium
412 2340 482 2401 ergo
505 2317 579 2381 boni
600 2316 782 2402 legislatoris
807 2341 870 2381 esse
899 2319 1055 2397 προτιθέναι
1081 2319 1190 2390 παντὸς

181 2443 232 2501 τοῦ
255 2435 343 2514 λόγον
367 2437 400 2500 τὸ
422 2436 552 2516 πεφυκὸς
576 2436 718 2514 προοίμιον
739 2437 869 2508 ἑκάστοις
891 2438 932 2521 (p.
955 2437 1017 2502 723
1036 2436 1080 2522 O).
1111 2438 1189 2502 Inde

182 2555 310 2640 scriptor
332 2547 478 2639 epistolae
501 2554 533 2619 id
556 2555 620 2618 sine
644 2555 737 2619 dubio
754 2556 872 2619 sumsit.
903 2555 974 2619 dam
994 2557 1186 2621 manifestum

183 2682 245 2752 est,
265 2674 454 2758 prooemium
476 2673 552 2758 legis
575 2675 717 2758 componi
740 2697 802 2737 uon
825 2696 914 2759 posse
937 2682 1101 2759 antequam
1123 2677 1190 2759 ipsa

181 2793 231 2857 lex
254 2794 421 2858 constituta
443 2793 484 2856 sit
491 2819 500 2870 3
525 2814 688 2876 quereres
711 2793 770 2855 ista
792 2815 986 2877 nequaquam
1009 2793 1047 2856 ad
1067 2793 1189 2875 βρνχέν

181 2912 246 2976 τιννὶ
259 2911 485 2976 annumeranda
498 2918 575 2989 erat,
589 2910 672 2995 quod
685 2910 788 2995 potius
801 2912 1012 2995 grauissimum
1026 2919 1089 2976 erat
1100 2912 1190 2996 legis·
1298 2960 1300 2964 -

180 3032 286 3095 latoris
309 3053 395 3115 opus.
420 3029 539 3093 Deinde
562 3030 649 3093 alteri
672 3030 893 3108 criminationi,
920 3030 1002 3114 quod
1025 3030 1114 3094 Plato
1130 3030 1189 3094 dis·

181 3143 496 3234 suasisset'Dionysio
520 3149 757 3212 dominationem
780 3150 933 3213 remittere
956 3157 987 3213 et
1005 3149 1125 3214 Siciliae
1145 3151 1186 3214 ci-

182 3272 291 3334 vitates
321 3292 469 3347 recreare,
501 3269 628 3354 scriptor
657 3269 820 3353 respondet
849 3270 1111 3333 commemorando
1130 3270 1189 3334 col-

182 3389 305 3474 loquio,
344 3388 427 3474 quod
464 3387 675 3472 praesentibus
718 3389 899 3467 Aristocrito
934 3396 964 3452 et
999 3388 1188 3452 Archedemo

182 3508 215 3571 iu
245 3508 345 3592 regiae
371 3508 460 3570 horto
489 3529 558 3570 cum
589 3505 737 3590 Dionysio
761 3506 918 3570 habuisset
944 3506 1046 3583 Plat0,
1071 3507 1103 3570 in
1127 3528 1187 3591 quo
1255 3568 1258 3573 .

183 3628 336 3711 colloquio
359 3626 518 3691 Platonem
541 3627 733 3690 vehementer
756 3626 788 3689 id
810 3627 957 3705 suasisse,
976 3627 1058 3710 quod
1075 3626 1188 3714 dissua-

183 3748 257 3810 sisse
288 3769 358 3810 eum
388 3746 463 3810 dicit
492 3745 673 3830 Dionysiae,
706 3752 811 3809 contra
838 3746 920 3809 huuc
952 3746 989 3808 ab
1018 3768 1052 3808 eo
1076 3744 1189 3809 dissen-

183 3867 266 3928 sisse.
313 3864 398 3944 Quid
428 3866 486 3929 hoc
517 3864 602 3929 aliud
633 3865 693 3928 fuit
722 3864 782 3927 nisi
809 3862 945 3943 πράττειν
967 3863 1008 3928 τοὶ
1030 3861 1189 3928 vortant?

184 3985 326 4048 Ceterum
341 3984 426 4047 istud
441 3983 627 4067 colloquium
645 3983 684 4046 ad
700 3982 857 4052 Platonem
869 3982 1093 4046 defendendum
1105 3982 1190 4066 parvi

184 4112 230 4168 est
252 4103 403 4188 ponderis.
451 4101 535 4186 Quid
559 4103 638 4169 enim
662 4091 701 4166 ad
724 4101 815 4167 fidem
831 4101 999 4175 faciendam
1014 4102 1095 4165 valet
1110 4123 1189 4176 corn-
