2746 4950
392 799 438 861 Dc
461 796 597 860 Platonis
618 797 772 860 itineribus
794 797 826 860 ia
848 798 988 861 Siciliam.

228 1034 302 1098 'Pras
328 1034 361 1097 in
384 1032 523 1118 Epistola
544 1041 751 1097 memorantur
774 1033 911 1097 Platonis
935 1034 1086 1098 adventus
1112 1033 1201 1120 Syra·-

183 1175 288 1230 cusas,
313 1175 444 1236 quorum
467 1161 603 1237 tempora
626 1153 707 1216 haud
731 1153 858 1217 obscure
880 1153 1064 1217 indicantur.

227 1271 364 1335 Primum
395 1271 557 1356 Syracusas
588 1273 704 1336 venisse
733 1296 763 1336 se
787 1273 862 1336 dicit
885 1272 941 1336 XL
965 1296 1061 1337 annos
1086 1281 1199 1338 natum

182 1390 213 1453 h.
238 1413 264 1454 e.
288 1389 338 1454 Ol.
356 1393 408 1467 91,
425 1393 464 1468 4,
481 1413 507 1454 a.
525 1412 552 1454 a.
569 1389 603 1454 C.
621 1393 695 1454 389.
716 1389 793 1456 Ὅτε
808 1391 867 1471 γὰρ
883 1393 949 1455 κατ’
964 1392 1064 1472 ἀρχὰς
1080 1393 1126 1465 εἷς
1143 1403 1200 1457 Συ-

181 1509 323 1590 ρακούσαις
347 1511 404 1587 ἐγὼ
427 1510 588 1592 ἀφικόμην,
611 1510 715 1589 σχεδὸν
738 1509 787 1585 ἔτη
810 1508 1029 1592 τετταράκοντα
1044 1513 1198 1588 γεγονώς,

183 1629 258 1693 Δίων
281 1625 347 1708 εἶχε
369 1630 420 1701 τὴν
443 1628 558 1704 ἡλικίαν
582 1624 613 1704 ἣν
636 1635 724 1693 τανῦν
747 1632 909 1709 Ἱππαρῖνος
931 1627 1061 1706 γέγονεν.
1096 1628 1198 1714 Epist.

182 1745 256 1810 VII.
279 1770 309 1831 p.
334 1749 399 1809 324
424 1748 462 1810 A.
487 1746 653 1831 Dionysius
677 1748 773 1832 major
797 1769 832 1810 eo
856 1755 991 1831 tempore
1005 1769 1142 1831 regnum
1158 1748 1199 1812 ibi

182 1865 315 1928 tenebat.
357 1863 435 1928 Cum
461 1864 519 1927 hoc
541 1871 677 1948 tempore
700 1863 805 1948 pulcre
820 1865 962 1928 concinit
985 1865 1070 1948 quod
1095 1866 1199 1950 prodi·

181 1994 249 2047 tum
279 1991 341 2061 est,
373 1983 551 2060 Platonem,
584 2006 680 2066 quum
713 1983 838 2047 liberius
869 1994 997 2069 tyranno
1028 1983 1198 2049 oblocutus

182 2108 278 2179 esset,
307 2101 344 2164 ab
376 2123 411 2164 eo
440 2100 554 2164 Pollidi
585 2099 895 2165 Lacedaemoniorum
918 2102 1018 2185 legato
1042 2103 1196 2167 traditum

182 2244 263 2298 esse,
296 2243 314 2283 a
345 2242 405 2303 quo
436 2221 532 2284 fertur
563 2221 714 2304 (λέγεται,
747 2228 783 2284 ut
813 2221 919 2284 scribit
940 2220 1141 2308 Plutarchus)
1165 2225 1197 2287 in

65 2400 68 2407 .
174 2340 331 2422 ‘Aeginam
364 2338 515 2402 abductus
540 2361 605 2403 esse
628 2338 732 2422 ibique
755 2338 914 2418 venditae,
938 2339 991 2402 sed
1014 2339 1100 2403 brevi
1127 2351 1197 2426 post

182 2459 219 2522 ab
251 2458 347 2522 amico
379 2458 563 2521 Anniceride
593 2458 767 2543 redemptus
791 2459 875 2522 etin
901 2459 1029 2543 patriam
1053 2481 1196 2525 reversus

181 2600 255 2642 esse.
302 2578 405 2642 Testes
433 2577 619 2642 Plutarchus
643 2578 734 2642 Dion.
759 2601 784 2642 c.
811 2581 848 2655 5,
872 2577 1013 2642 Laertius
1037 2579 1107 2657 HI,
1138 2583 1195 2660 14,

184 2700 241 2774 18,
267 2696 415 2760 Aristides
439 2696 474 2760 Τ.
499 2697 568 2774 ΙΙΙ,
594 2721 623 2782 p.
649 2699 723 2761 382.
769 2696 931 2761 Exarserat
954 2697 1034 2761 enim
1059 2720 1095 2761 eo
1128 2699 1196 2784 ipso

131 2870 135 2879 .
179 2824 315 2900 tempore
345 2814 461 2878 bellum
492 2814 570 2878 inter
602 2815 766 2898 Aeginetis
798 2822 827 2878 ct
842 2799 843 2804 ἵ
859 2815 1078 2894 Athenienses,
1108 2819 1197 2901 quod

181 2932 303 2997 duravit
333 2933 370 2997 ab
402 2933 451 2997 Ol.
484 2935 537 3010 97,
570 2938 590 2997 4
615 2933 653 2996 ad
676 2932 726 2997 Ol.
752 2935 811 3012 98,
837 2936 874 3011 t,
899 2934 987 2996 cuius
1011 2933 1085 2998 belli
1108 2957 1198 3001 occa·

181 3052 265 3115 sione
294 3050 343 3130 id,
375 3052 401 3114 si
424 3059 525 3114 tamen
549 3073 618 3115 vere
641 3051 787 3114 traditum
811 3059 873 3129 est,
906 3051 1029 3115 Platoni
1054 3055 1197 3119 evenisse

179 3172 289 3256 potuit.
310 3172 332 3255 ¹)

143 3324 147 3350 ι
223 3288 364 3351 Alterum
390 3287 528 3350 Platonis
558 3289 617 3351 iter
650 3294 825 3372 susceptum
857 3287 969 3350 dicitur
1000 3287 1086 3352 brevi
1110 3301 1197 3376 post·

178 3430 270 3490 quam
306 3407 453 3492 Dionysio
486 3406 595 3470 maiori
631 3407 662 3469 in
697 3428 825 3490 regnum
861 3407 1006 3469 successit
1039 3407 1147 3489 filius,
1180 3436 1198 3476 a

178 3548 239 3609 quo
274 3526 383 3612 Dionis
417 3525 542 3589 hortatu
577 3525 740 3611 Syracusas
772 3547 808 3588 sc
831 3525 1005 3589 arcessitum
1030 3549 1097 3591 esse
1121 3532 1199 3594 scri-

180 3677 371 3688 *—

177 3774 226 3836 ἔφη.
256 3768 318 3818 Ibid.
342 3768 389 3826 lX,
413 3767 462 3818 592
483 3767 518 3818 B:
541 3773 579 3820 inl
597 3777 639 3834 γῆς
654 3766 675 3834 y'
693 3769 792 3833 οὐδαμοῦ
809 3769 874 3834 οἶμαι
891 3770 959 3829 αὐτὴν
976 3769 1038 3819 eluar.
1074 3766 1150 3830 Ἀλλ’,
1170 3775 1199 3830 ἦν

179 3861 198 3913 δ’
206 3869 263 3928 ἐγὼ,
284 3869 305 3915 ἐν
325 3868 410 3934 ὠράνῳ
426 3867 479 3922 ἴσως
495 3867 646 3934 παράδειγμα
661 3872 777 3917 ἀνάκειται
793 3876 827 3933 τῷ
843 3868 972 3932 βουλομένῳ
988 3867 1045 3933 ὁρᾶν
1061 3871 1102 3918 καὶ
1112 3870 1198 3937 δρῶντι

177 3961 257 4009 ἑαυτὸν
279 3964 419 4021 κατοικίζειν.
442 3959 481 4008 Cf,
507 3960 643 4019 Hermann,
665 3961 690 4010 ll.
707 3978 731 4025 p.
751 3959 781 4012 67
802 3976 838 4024 sq.
860 3964 883 4007 et
905 3965 955 4009 not.
973 3974 996 4024 p.
1017 3960 1073 4012 118.

211 4054 234 4114 1)
253 4055 305 4103 Vid.
328 4055 454 4112 Coruinus,
482 4055 564 4120 Symb.
595 4056 653 4105 Litt.
681 4073 704 4121 p.
733 4056 778 4104 103
802 4071 853 4119 sqq.
888 4055 1004 4104 Dodwrlli
1022 4057 1130 4106 Annales
1149 4060 1197 4108 Xe·

177 4149 249 4213 noph.
266 4166 289 4214 p.
308 4150 363 4199 216.
