2746 4950
657 327 718 388 154

178 534 228 599 καί
251 541 302 599 που
321 536 392 610 ἐμοῦ
408 533 515 612 πατρὸς
529 582 536 595 .
552 584 559 597 .
574 582 600 610 .,
620 533 745 612 δεύτερον
767 533 796 598 δὲ
812 533 844 607 tt
860 535 980 599 ποιεῖσθε
990 534 1129 612 βασιλέα
1141 539 1185 602 σὸν
1229 604 1231 614 ,

178 656 219 734 τῷ
237 653 291 728 μὲν
309 653 368 731 ε’ροῷ
388 651 476 731 πατρί
495 653 602 716 σαυτὸν
616 651 787 728 κεκτημένον
804 650 892 728 θνοροα
910 653 1118 737 (Ἱππαρῖνον),
1131 656 1187 719 υἱὸν

180 772 208 836 δὲ
226 771 386 848 Διονυσίου,
402 769 490 851 χοίριν
502 779 553 844 τῆς
564 794 598 834 πε
610 771 643 840 rt
655 775 701 835 νῦν
714 770 846 847 βοηθείας
855 772 904 835 καί
917 771 992 836 ὁσίου
1003 771 1129 849 τρόπου.
1144 822 1186 851 ..,

180 889 271 969 πρίσον
300 891 329 953 δε
342 941 348 951 .
362 938 392 953 ..
425 889 567 955 Διονύσιον
597 889 644 954 σὸν
675 888 835 962 Διονυσίου,
868 888 918 953 ἕθιν
947 889 1030 970 ἐθέλῃ
1058 890 1128 954 ἑκὼν
1149 892 1186 962 είς

181 1009 327 1085 βασιλέως
358 1017 466 1089 σχῆμα
496 1006 752 1072 ἀπαλλάσσεσθαι.
783 1031 812 1092 p.
847 1008 910 1070 355
942 1007 978 1071 E.
999 1030 1046 1091 sq.
1092 1007 1187 1073 Totus

182 1127 232 1191 hic
254 1127 340 1191 locus
364 1128 407 1191 ite
428 1133 620 1213 comparatus
644 1134 747 1190 estut
771 1127 907 1211 ineptum
930 1125 1086 1191 rhetorem
1101 1127 1188 1192 facile

182 1254 300 1332 arguet.
321 1246 423 1311 Primo
435 1246 549 1310 scilicet
560 1246 628 1310 loco
640 1245 700 1309 Dio
712 1244 902 1309 commendat
914 1266 1003 1309 suum
1014 1244 1127 1323 filiurn,
1136 1246 1188 1310 illc

182 1388 273 1450 quem
297 1363 412 1430 σ’ίπαιθα
434 1372 588 1430 mortuum
611 1372 824 1441 esseconstet,·
842 1366 862 1448 ¹)
882 1363 1098 1429 secundoloco
1115 1363 1189 1450 Hip

184 1486 339 1571 parinum,
363 1484 460 1548 filium
484 1484 623 1569 Dionysii
646 1484 784 1561 maioris,
802 1483 839 1548 dc
855 1505 915 1567 quo
931 1482 1022 1547 modo
1038 1484 1188 1562 vidimus,

183 1604 233 1669 cui
257 1604 385 1689 scriptor
407 1625 469 1667 non
492 1602 582 1667 eliam
605 1602 644 1667 ob
667 1625 789 1667 causam
811 1602 959 1666 secundos
984 1601 1117 1667 honores
1139 1603 1189 1667 tri·

183 1723 284 1788 bnissc
315 1723 451 1802 videtur,
483 1724 542 1786 nisi
573 1723 657 1806 quod
685 1721 863 1808 expellendo
895 1720 1054 1806 Collippo,
1080 1721 1190 1786 Dionis

183 1835 391 1920 interfectore,
423 1843 509 1926 qnasi
533 1841 614 1906 ultor
636 1841 728 1905 huius
751 1840 850 1904 coedis
873 1839 1047 1904 exstitisset.
1086 1839 1189 1904 'sertio

181 1963 249 2025 loco
272 1961 472 2046 Dionysium,
495 1969 659 2045 tyrannum
681 1982 774 2044 regno
797 1958 936 2045 pulsum,
962 1980 1033 2022 eum
1044 1957 1190 2023 videlicet

183 2103 274 2164 quem
300 2079 338 2144 ob
370 2079 534 2143 dissolutos
553 2084 660 2143 ‘mores
683 2086 713 2142 et
736 2077 893 2164 perfidiam
915 2077 976 2140 Dio
998 2075 1109 2141 oderat
1131 2099 1191 2142 me-

183 2199 261 2263 xime
293 2206 323 2262 et
346 2205 552 2262 contemseret.
598 2196 743 2281 Ignarum
767 2195 900 2280 profecto
922 2195 1016 2259 fuisse
1039 2202 1071 2258 et
1095 2195 1192 2260 honri·

183 2341 258 2383 num
281 2326 312 2382 ct
333 2325 505 2402 temporum
522 2324 641 2401 oportet
665 2316 718 2400 qni
740 2315 813 2378 tolie
835 2311 961 2378 suadere
985 2312 1099 2400 potuit.

226 2613 264 2678 In
276 2613 380 2679 eodem
391 2634 460 2678 vero
473 2612 601 2698 epistola
615 2610 718 2696 (VIII)
726 2620 909 2675 memoratur
920 2610 1035 2674 fectum
1046 2632 1084 2675 ex
1097 2610 1193 2676 histo·

182 2734 227 2798 rie
257 2733 472 2819 Syracusarum
502 2740 611 2796 notatu
641 2731 778 2817 dignum.
825 2729 967 2815 Loquens
998 2729 1036 2794 dc
1071 2732 1193 2816 origine

183 2851 351 2937 tyrannidis
374 2851 455 2936 apud
477 2851 698 2936 Syracusanos,
723 2850 798 2915 dicit
820 2850 898 2914 hene
920 2849 1094 2914 institutam
1125 2873 1193 2915 esse

183 2971 242 3037 πόθ’
273 2970 321 3037 ίτε
350 2971 470 3045 κίνδυνος
500 2973 613 3049 ἐγένετο
643 2970 771 3053 ἔσχατος
802 2969 923 3053 Σικελία
944 2978 981 3048 τῇ
1004 2973 1058 3032 τῶν
1080 2969 1194 3045 Ἑλλή-

185 3113 253 3171 νοιν,
298 3091 353 3155 ὑπὸ
387 3090 584 3170 Καρχηδονίων
621 3088 786 3154 οὶνοίσταπον
819 3086 885 3163 θλιρν
918 3086 1194 3167 ἐκβαρβαρωθεῖσαν

186 3208 335 3285 γενέσθαι·
366 3208 434 3273 πόσε
463 3209 522 3287 γαρ
552 3205 658 3273 εἵλοντο
687 3207 829 3273 Διονύσιον
850 3206 903 3284 μὲν
925 3208 962 3278 ὥς
985 3205 1042 3271 νέον
1065 3204 1116 3268 καί
1143 3229 1195 3270 πο-

186 3326 303 3402 λεμικὸν
333 3325 381 3393 ε’πί
410 3326 466 3397 πθος
496 3331 545 3391 τοῦ
580 3325 707 3400 πολέμου
741 3324 906 3406 πρεπούσας
940 3325 1019 3403 αὐτῷ
1052 3321 1194 3404 προέξεις,

131 3518 133 3520 ,
186 3442 350 3522 ξύμβουλον
373 3445 402 3510 δὲ
423 3444 472 3508 ιιαί
497 3444 688 3524 πρεσβύτερον
709 3445 886 3526 Ἱππαρῖνον,
922 3442 970 3507 ἐπί
992 3441 1117 3523 σωτηρία
1141 3452 1195 3518 τῆς

187 3562 343 3641 Σικελίας,
382 3563 607 3643 αὐσοκροίτορας,
643 3563 678 3636 ὥς
708 3571 801 3645 Φασι,
835 3561 983 3642 πυροίννους
1006 3559 1197 3642 ἐπονομάζον-

190 3791 358 3802 ——-—-—

223 3942 246 4002 1)
271 3941 307 3990 Dc
323 3940 409 3990 Dionis
425 3940 489 3998 filio,
506 3954 576 4002 qncm
593 3942 649 4001 post
665 3952 747 3986 necem
764 3934 842 3983 mariti
859 3934 931 3983 Arete
947 3933 972 3982 in
982 3947 1074 3981 carcerc
1083 3935 1196 3997 peperit,

189 4041 213 4086 ct
236 4037 276 4101 qui
300 4036 365 4085 brevi
386 4041 440 4102 post
463 4051 517 4085 cum
534 4039 609 4084 matre
626 4034 651 4082 in
669 4049 733 4082 merc
748 4030 917 4095 praecipitetur
935 4034 970 4079 cst
987 4028 1062 4090 (Plut.
1080 4029 1156 4079 Dion.
1175 4049 1197 4082 e.

191 4133 247 4200 58),
265 4132 367 4197 cogitare
384 4131 453 4198 plene
469 4131 584 4180 obsonum
602 4130 677 4189 foret,
695 4132 721 4177 ot
739 4131 803 4177 recte
817 4126 908 4192 judicet
926 4124 1050 4183 Salomon,
1068 4139 1093 4189 p.
1111 4125 1154 4175 25.
