2746 4950
662 327 703 424 ν

178 545 259 602 recte
292 536 415 601 additur
444 555 610 619 pronomen
640 539 781 596 neutrum
811 532 844 596 in
868 530 1059 609 accusativo,
1085 531 1196 616 itaque

178 664 259 721 recte
290 656 405 720 dictum
437 661 515 718 esset
541 651 554 719 ό
578 655 603 719 εί
624 652 688 731 ἐμοί
713 652 774 718 τότ’
796 651 921 728 ε’πείόον;
945 673 1007 715 non
1029 673 1107 715 vero
1131 650 1196 715 dici

177 781 279 861 potest
309 771 341 852 ἣν
370 774 527 852 ὁμολογίαν
559 774 582 838 εί
612 771 674 850 ε’ροοί
704 771 823 837 ἕπείόοιι.
875 769 1053 835 Obscurum
1087 778 1196 834 autem

177 902 240 972 est,
278 901 383 958 utrum
417 891 546 977 scriptor
580 886 612 966 ἣν
646 888 750 953 referri
786 888 916 953 voluerit
952 887 991 952 ad
1025 873 1195 967 ὁμολογίαν

178 1036 217 1078 an
239 1013 277 1078 ad
299 1012 475 1088 οἰκειότητα,
500 1016 580 1074 certe
601 1007 680 1072 illud
703 1007 819 1090 φριίζων
841 1009 892 1082 τὴν
913 1007 1095 1084 οίκειότκτα,
1127 1029 1193 1092 quo

177 1131 335 1217 emphasin
364 1128 474 1193 addere
502 1128 571 1192 vult
593 1127 684 1191 verbo
706 1126 936 1204 οἰκειωσάμενον,
960 1125 1066 1211 inepte
1090 1125 1193 1212 adjec-

177 1257 245 1314 tum
278 1256 356 1314 est·
379 1247 484 1312 Simile
514 1255 616 1311 autem
646 1246 756 1310 vitium
781 1253 833 1309 est
855 1244 952 1331 Epist.
976 1242 1041 1322 VI,
1067 1247 1137 1310 323
1164 1245 1193 1308 B

127 1441 135 1452 λ
178 1367 220 1432 G:
255 1367 391 1446 ξυνδῆσαι
427 1366 517 1432 πόλιν
547 1367 587 1438 είς
616 1367 667 1441 τὴν
697 1365 942 1446 προϋπαρχούσαν
972 1363 1128 1448 φιλότκτνί
1156 1389 1193 1430 τε

97 1464 99 1468 ¹
176 1487 225 1552 καί
265 1485 423 1563 κοινωνίαν,
463 1480 495 1561 ἣν
530 1481 598 1549 όταν
631 1484 685 1561 ροὲν
718 1489 923 1566 φιλοσοφῶμεν
957 1484 1023 1566 κτὲ,
1067 1483 1125 1548 ubi
1159 1478 1193 1560 ἢν

175 1606 248 1669 item
270 1603 464 1675 νίνοοκολοόίως
487 1610 533 1666 est
555 1602 699 1688 positum.
747 1601 853 1664 Altera
874 1601 957 1665 labes
981 1607 1027 1664 est
1050 1601 1085 1664 in
1111 1601 1189 1665 hoo:

176 1723 291 1802 βέλτιον
313 1728 369 1787 τῶν
392 1727 439 1787 νῦν
460 1720 619 1798 γεγονότων
643 1720 717 1800 ἔσχε
739 1720 791 1784 σοί.
837 1718 958 1784 Tritum
981 1726 1028 1782 est
1050 1715 1085 1784 εὗ
1107 1721 1173 1802 ἔχει
1184 1769 1193 1798 ,

177 1841 300 1920 similia3
331 1812 393 1905 dici
422 1840 517 1925 igitur
546 1846 646 1924 potest
676 1843 722 1903 νῦν
754 1838 870 1916 βέλτιον
900 1838 964 1930 ἔχει
995 1837 1011 1913 ἢ
1041 1838 1097 1917 πρὸ
1121 1844 1191 1917 τοῦ,

177 1983 240 2025 non
271 1983 340 2024 vero
371 1959 487 2037 βέλτιον
517 1959 590 2038 ἔχει,
613 1962 668 2022 τῶν
691 1958 828 2038 προτέρων
852 1957 899 2020 vel
921 1964 976 2022 τῶν
998 1963 1047 2022 νῦν
1070 1955 1193 2035 γεγονό-

177 2105 250 2157 των,
274 2078 306 2142 in
329 2079 386 2142 hac
409 2077 634 2141 constructione
657 2098 778 2139 necesse
801 2083 847 2140 est
870 2075 942 2139 addi
958 2075 1000 2140 τόν
1015 2075 1192 2155 πράγματα

179 2207 211 2263 et
241 2197 331 2262 scribi
362 2195 515 2281 oportuit:
549 2195 665 2273 βέλτιον
695 2200 750 2260 τῶν
781 2201 828 2259 νῦν
858 2195 1019 2272 γεγονότων
1042 2195 1121 2276 ἔσχε
1144 2195 1191 2259 τόν

172 2305 381 2397 πράγματα
403 2339 445 2381 σοι
469 2336 533 2398 sqq.
570 2313 655 2377 Haec
677 2313 797 2398 aliaque
820 2313 995 2377 huiusmodi
1017 2314 1094 2376 vitia
1115 2316 1190 2380 talia

177 2443 250 2500 sunt
281 2442 318 2498 ut
347 2434 465 2498 facilius
496 2432 618 2497 librario
649 2455 740 2516 quam
771 2432 909 2517 scriptori
937 2432 1104 2497 tribuenda
1128 2457 1190 2499 cre-

178 2553 280 2630 deres,
311 2552 370 2616 nisi
400 2558 446 2615 tot
477 2551 592 2635 ubique
617 2559 769 2615 exstarent
791 2550 904 2615 indicia
926 2573 1004 2634 quae
1027 2553 1189 2636 scriptoris

177 2672 226 2736 vel
260 2671 428 2755 quaesitam
463 2671 680 2756 negligentiam
714 2670 763 2733 vel
782 2670 945 2753 „inscitiam
975 2677 1131 2762 arguunt3
1165 2672 1189 2735 si

178 2800 279 2855 tamen
309 2790 425 2854 librarii
456 2797 501 2853 est
531 2789 641 2873 culpa,
671 2789 755 2852 locus
779 2788 1005 2872 aliquantulum
1024 2763 1190 2874 juvaretur

178 2912 222 2976 sic
243 2910 391 2995 legendo:
414 2909 516 2992 φροίζω
539 2918 591 2984 τῆν
614 2909 788 2992 οἰκειότητα,
812 2909 845 2973 δι’
868 2906 900 2983 ἣν
922 2910 982 2974 κτὲ.

223 3016 321 3094 Priori
360 3028 504 3113 epistolae
539 3029 618 3113 parti
652 3029 743 3091 finem
770 3029 933 3112 imponunt
967 3028 1040 3091 haec
1075 3029 1189 3106 verba,

180 3172 209 3233 p.
234 3150 297 3211 318
321 3146 362 3210 E:
386 3147 469 3212 σίλλόο
491 3145 659 3224 ταῦταμὲν
681 3146 776 3226 ταότρ
798 3144 940 3223 γενόμενα
962 3147 1014 3219 τὴν
1040 3147 1113 3224 ἑμίρν
1138 3149 1190 3212 καί

181 3268 232 3342 σὺν
261 3266 436 3347 λυκοφιλίαν
466 3267 516 3330 καί
550 3267 712 3331 ἀκοινωνίαν
734 3265 947 3345 όπειργνίσατο.
990 3264 1190 3331 Vocabulum

177 3385 336 3468 λυκοφιλία
371 3385 516 3450 flosculus
555 3393 601 3448 est
639 3408 655 3449 e
685 3384 854 3448 Menandro
885 3385 1011 3447 fortasse
1041 3384 1189 3465 additus,

182 3506 270 3568 euius
293 3506 475 3569 versiculum
502 3505 620 3569 notavit
646 3505 753 3569 Aelius
771 3505 955 3589 Dionysius,
980 3511 1056 3568 teste
1076 3503 1191 3570 Eusta-

178 3625 258 3689 thio:
295 3625 377 3706 παρόν
407 3625 497 3706 Λίλίιρ
528 3625 663 3706 Διονυσίῳ
686 3632 779 3688 κεῖται
802 3623 835 3688 τό
857 3622 1093 3705 λοκοφιλίως,
1117 3625 1188 3691 οὶντί

176 3750 227 3809 τοῦ
257 3744 408 3822 ὑπόπτως,
433 3744 577 3819 ὑπούλως,
606 3741 635 3816 tr
663 3743 743 3825 φέρει
765 3742 815 3807 καί
838 3742 1001 3824 Μενοίνδρον
1023 3749 1127 3823 χρῆσιν
1153 3743 1187 3829 (l.

178 3863 264 3947 ρ’ῆσιν)
286 3861 413 3935 ταότκν·
438 3863 623 3942 ,λυκοφίλιοι
648 3862 701 3939 μέν
724 3864 792 3927 είσιν
814 3862 846 3926 αἱ
869 3861 1065 3938 dictami?
1098 3861 1185 3947 (Vid.

178 3980 327 4045 Meinekii
348 3979 461 4050 Comic.
485 3981 591 4064 fragm.
616 3980 675 4044 vol.
699 3979 754 4058 IV,
780 4004 809 4065 p.
824 3983 909 4064 279).
940 3979 1032 4060 Quod
1044 3979 1188 4046 Platonis

179 4099 268 4163 verba
291 4099 397 4163 Aelius
421 4123 481 4163 non
501 4100 619 4178 attulit,
640 4099 711 4163 inde
731 4098 807 4162 effici
823 4099 916 4162 nolim
933 4097 1090 4183 epistolam
1104 4098 1186 4164 hanc
