<?xml version="1.0" encoding="UTF-8"?>
<!DOCTYPE html PUBLIC "-//W3C//DTD XHTML 1.0 Transitional//EN"
    "http://www.w3.org/TR/xhtml1/DTD/xhtml1-transitional.dtd">
<html xmlns="http://www.w3.org/1999/xhtml" xml:lang="en" lang="en">
 <head>
  <title>
</title>
<meta http-equiv="Content-Type" content="text/html;charset=utf-8" />
  <meta name='ocr-system' content='tesseract 3.04.00' />
  <meta name='ocr-capabilities' content='ocr_page ocr_carea ocr_par ocr_line ocrx_word'/>
</head>
<body>
  <div class='ocr_page' id='page_1' title='image "./commentatiocrit00karsgoog_0078.png"; bbox 0 0 2746 4950; ppageno 0'>
   <div class='ocr_carea' id='block_1_1' title="bbox 657 340 734 404">
    <p class='ocr_par' dir='ltr' id='par_1_1' title="bbox 657 340 734 404">
     <span class='ocr_line' id='line_1_1' title="bbox 657 340 734 404; baseline 0.026 -2"><span class='ocrx_word' id='word_1_1' title='bbox 657 340 734 404; x_wconf 74' lang='lat' dir='ltr'>sl.</span> 
     </span>
    </p>
   </div>
   <div class='ocr_carea' id='block_1_2' title="bbox 165 545 1246 4281">
    <p class='ocr_par' dir='ltr' id='par_1_2' title="bbox 174 545 1189 1701">
     <span class='ocr_line' id='line_1_2' title="bbox 184 545 1189 632; baseline 0.005 -23"><span class='ocrx_word' id='word_1_2' title='bbox 184 545 292 624; x_wconf 86' lang='lat' dir='ltr'>habet,</span> <span class='ocrx_word' id='word_1_3' title='bbox 316 554 353 610; x_wconf 93' lang='lat' dir='ltr'>ut</span> <span class='ocrx_word' id='word_1_4' title='bbox 375 546 535 624; x_wconf 72' lang='grc' dir='ltr'><em>ἐπανάγειν</em></span> <span class='ocrx_word' id='word_1_5' title='bbox 557 547 625 628; x_wconf 79' lang='grc' dir='ltr'>πρὸς</span> <span class='ocrx_word' id='word_1_6' title='bbox 644 547 677 612; x_wconf 78' lang='grc' dir='ltr'>τὸ</span> <span class='ocrx_word' id='word_1_7' title='bbox 696 553 759 629; x_wconf 80' lang='grc' dir='ltr'>Φῶς</span> <span class='ocrx_word' id='word_1_8' title='bbox 775 547 880 632; x_wconf 89' lang='lat' dir='ltr'>(Legg.</span> <span class='ocrx_word' id='word_1_9' title='bbox 896 547 952 612; x_wconf 85' lang='lat' dir='ltr'>IV.</span> <span class='ocrx_word' id='word_1_10' title='bbox 972 551 1034 614; x_wconf 76' lang='lat'>724</span> <span class='ocrx_word' id='word_1_11' title='bbox 1051 551 1107 632; x_wconf 87' lang='lat' dir='ltr'>A),</span> <span class='ocrx_word' id='word_1_12' title='bbox 1117 572 1189 632; x_wconf 81' lang='lat' dir='ltr'>pro-</span> 
     </span>
     <span class='ocr_line' id='line_1_3' title="bbox 174 665 1189 752; baseline 0.004 -23"><span class='ocrx_word' id='word_1_13' title='bbox 174 666 263 752; x_wconf 78' lang='lat' dir='ltr'>ferre</span> <span class='ocrx_word' id='word_1_14' title='bbox 285 665 318 729; x_wconf 86' lang='grc' dir='ltr'>οἰι</span> <span class='ocrx_word' id='word_1_15' title='bbox 336 667 444 742; x_wconf 65' lang='lat' dir='ltr'>larem</span> <span class='ocrx_word' id='word_1_16' title='bbox 466 665 625 743; x_wconf 71' lang='grc' dir='ltr'><em>ἐπανάγειν</em></span> <span class='ocrx_word' id='word_1_17' title='bbox 648 668 688 739; x_wconf 76' lang='grc' dir='ltr'>εἷς</span> <span class='ocrx_word' id='word_1_18' title='bbox 705 668 755 742; x_wconf 86' lang='grc' dir='ltr'>τήν</span> <span class='ocrx_word' id='word_1_19' title='bbox 771 668 876 745; x_wconf 75' lang='grc' dir='ltr'>οἰκίαιν,</span> <span class='ocrx_word' id='word_1_20' title='bbox 892 669 1072 733; x_wconf 71' lang='lat' dir='ltr'>reduceretur</span> <span class='ocrx_word' id='word_1_21' title='bbox 1087 671 1189 745; x_wconf 79' lang='lat' dir='ltr'>aeder;</span> 
     </span>
     <span class='ocr_line' id='line_1_4' title="bbox 183 783 1186 870; baseline 0.005 -23"><span class='ocrx_word' id='word_1_22' title='bbox 183 784 263 848; x_wconf 88' lang='lat' dir='ltr'>idem</span> <span class='ocrx_word' id='word_1_23' title='bbox 286 783 367 870; x_wconf 70' lang='lat' dir='ltr'>ualet</span> <span class='ocrx_word' id='word_1_24' title='bbox 389 785 428 848; x_wconf 83' lang='lat' dir='ltr'><em>de</em></span> <span class='ocrx_word' id='word_1_25' title='bbox 450 785 598 849; x_wconf 85' lang='lat' dir='ltr'>similibus</span> <span class='ocrx_word' id='word_1_26' title='bbox 622 785 844 870; x_wconf 86' lang='lat' dir='ltr'>dioompositis,</span> <span class='ocrx_word' id='word_1_27' title='bbox 869 787 1059 869; x_wconf 79' lang='grc' dir='ltr'><em>ἐπαναφέρω,</em></span> <span class='ocrx_word' id='word_1_28' title='bbox 1076 789 1186 852; x_wconf 90' lang='grc' dir='ltr'><em>ἐπανα-</em></span> 
     </span>
     <span class='ocr_line' id='line_1_5' title="bbox 182 904 1187 991; baseline 0.002 -23"><span class='ocrx_word' id='word_1_29' title='bbox 182 904 291 982; x_wconf 83' lang='grc' dir='ltr'><em>βαίνω,</em></span> <span class='ocrx_word' id='word_1_30' title='bbox 325 905 542 985; x_wconf 68' lang='grc' dir='ltr'>ἐπανέρχομαι,</span> <span class='ocrx_word' id='word_1_31' title='bbox 567 904 710 984; x_wconf 86' lang='grc' dir='ltr'><em>ἐπάνειμι.</em></span> <span class='ocrx_word' id='word_1_32' title='bbox 753 904 792 969; x_wconf 92' lang='lat' dir='ltr'>In</span> <span class='ocrx_word' id='word_1_33' title='bbox 815 905 913 970; x_wconf 88' lang='lat' dir='ltr'>Alcib.</span> <span class='ocrx_word' id='word_1_34' title='bbox 938 905 989 983; x_wconf 90' lang='lat' dir='ltr'>II,</span> <span class='ocrx_word' id='word_1_35' title='bbox 1015 929 1044 991; x_wconf 88' lang='lat' dir='ltr'>p.</span> <span class='ocrx_word' id='word_1_36' title='bbox 1072 908 1133 969; x_wconf 87' lang='grc'>140</span> <span class='ocrx_word' id='word_1_37' title='bbox 1158 905 1187 970; x_wconf 94' lang='lat' dir='ltr'>D</span> 
     </span>
     <span class='ocr_line' id='line_1_6' title="bbox 184 1021 1187 1107; baseline 0.003 -22"><span class='ocrx_word' id='word_1_38' title='bbox 184 1022 362 1107; x_wconf 86' lang='lat' dir='ltr'>adjunctum</span> <span class='ocrx_word' id='word_1_39' title='bbox 393 1022 515 1106; x_wconf 88' lang='lat' dir='ltr'>quidem</span> <span class='ocrx_word' id='word_1_40' title='bbox 546 1021 638 1086; x_wconf 88' lang='lat' dir='ltr'>habet</span> <span class='ocrx_word' id='word_1_41' title='bbox 668 1023 744 1088; x_wconf 75' lang='grc' dir='ltr'><em>άπόε</em></span> <span class='ocrx_word' id='word_1_42' title='bbox 776 1024 873 1088; x_wconf 81' lang='grc' dir='ltr'><em>οὐκοῦν</em></span> <span class='ocrx_word' id='word_1_43' title='bbox 895 1024 949 1087; x_wconf 87' lang='grc' dir='ltr'>άπ’</span> <span class='ocrx_word' id='word_1_44' title='bbox 972 1025 1074 1089; x_wconf 83' lang='grc' dir='ltr'><em>ἐκείνου</em></span> <span class='ocrx_word' id='word_1_45' title='bbox 1097 1024 1187 1090; x_wconf 89' lang='grc' dir='ltr'><em>πάλιν</em></span> 
     </span>
     <span class='ocr_line' id='line_1_7' title="bbox 183 1139 1187 1223; baseline 0.003 -19"><span class='ocrx_word' id='word_1_46' title='bbox 183 1140 397 1218; x_wconf 77' lang='grc' dir='ltr'><em>ἐπανέλθωμεν,</em></span> <span class='ocrx_word' id='word_1_47' title='bbox 427 1148 459 1204; x_wconf 91' lang='lat' dir='ltr'>at</span> <span class='ocrx_word' id='word_1_48' title='bbox 484 1139 528 1204; x_wconf 94' lang='lat' dir='ltr'>ibi</span> <span class='ocrx_word' id='word_1_49' title='bbox 554 1140 737 1206; x_wconf 80' lang='lat' dir='ltr'>subauditur</span> <span class='ocrx_word' id='word_1_50' title='bbox 768 1141 815 1205; x_wconf 76' lang='grc' dir='ltr'>ἐπὶ</span> <span class='ocrx_word' id='word_1_51' title='bbox 846 1144 898 1216; x_wconf 83' lang='grc' dir='ltr'>τήν</span> <span class='ocrx_word' id='word_1_52' title='bbox 926 1143 1038 1223; x_wconf 83' lang='grc' dir='ltr'><em>άρχήν,</em></span> <span class='ocrx_word' id='word_1_53' title='bbox 1070 1143 1106 1206; x_wconf 87' lang='lat' dir='ltr'>ob</span> <span class='ocrx_word' id='word_1_54' title='bbox 1135 1144 1187 1207; x_wconf 79' lang='grc' dir='ltr'>άοο</span> 
     </span>
     <span class='ocr_line' id='line_1_8' title="bbox 182 1259 1186 1346; baseline 0.002 -24"><span class='ocrx_word' id='word_1_55' title='bbox 182 1282 284 1322; x_wconf 74' lang='lat' dir='ltr'>auraria</span> <span class='ocrx_word' id='word_1_56' title='bbox 302 1262 343 1323; x_wconf 81' lang='lat' dir='ltr'>ad</span> <span class='ocrx_word' id='word_1_57' title='bbox 357 1259 537 1342; x_wconf 70' lang='lat' dir='ltr'>petrapium</span> <span class='ocrx_word' id='word_1_58' title='bbox 560 1266 745 1342; x_wconf 78' lang='lat' dir='ltr'>reuertamur,</span> <span class='ocrx_word' id='word_1_59' title='bbox 770 1260 819 1324; x_wconf 87' lang='lat' dir='ltr'>hio</span> <span class='ocrx_word' id='word_1_60' title='bbox 834 1282 904 1324; x_wconf 88' lang='lat' dir='ltr'>vero</span> <span class='ocrx_word' id='word_1_61' title='bbox 920 1260 1054 1346; x_wconf 84' lang='lat' dir='ltr'>positum</span> <span class='ocrx_word' id='word_1_62' title='bbox 1071 1269 1117 1325; x_wconf 91' lang='lat' dir='ltr'>est</span> <span class='ocrx_word' id='word_1_63' title='bbox 1131 1284 1186 1346; x_wconf 90' lang='lat' dir='ltr'>pro</span> 
     </span>
     <span class='ocr_line' id='line_1_9' title="bbox 182 1377 1187 1462; baseline 0.002 -22"><span class='ocrx_word' id='word_1_64' title='bbox 182 1379 301 1442; x_wconf 78' lang='lat' dir='ltr'>evocavi</span> <span class='ocrx_word' id='word_1_65' title='bbox 322 1377 384 1441; x_wconf 83' lang='lat' dir='ltr'>sive</span> <span class='ocrx_word' id='word_1_66' title='bbox 395 1378 508 1442; x_wconf 71' lang='lat' dir='ltr'>retreat</span> <span class='ocrx_word' id='word_1_67' title='bbox 520 1401 563 1442; x_wconf 85' lang='grc' dir='ltr'><em>νιοο</em></span> <span class='ocrx_word' id='word_1_68' title='bbox 578 1379 614 1441; x_wconf 84' lang='lat' dir='ltr'>ab</span> <span class='ocrx_word' id='word_1_69' title='bbox 629 1379 695 1441; x_wconf 78' lang='lat' dir='ltr'>istis</span> <span class='ocrx_word' id='word_1_70' title='bbox 710 1378 839 1461; x_wconf 75' lang='lat' dir='ltr'>nepotiie.</span> <span class='ocrx_word' id='word_1_71' title='bbox 865 1377 1009 1443; x_wconf 80' lang='lat' dir='ltr'>Crederet</span> <span class='ocrx_word' id='word_1_72' title='bbox 1020 1380 1087 1462; x_wconf 86' lang='lat' dir='ltr'>quis</span> <span class='ocrx_word' id='word_1_73' title='bbox 1103 1379 1187 1442; x_wconf 86' lang='lat' dir='ltr'>forsi-</span> 
     </span>
     <span class='ocr_line' id='line_1_10' title="bbox 182 1496 1189 1584; baseline 0.001 -24"><span class='ocrx_word' id='word_1_74' title='bbox 182 1505 235 1560; x_wconf 87' lang='lat' dir='ltr'>tan</span> <span class='ocrx_word' id='word_1_75' title='bbox 260 1519 322 1560; x_wconf 90' lang='lat' dir='ltr'>esse</span> <span class='ocrx_word' id='word_1_76' title='bbox 346 1519 477 1560; x_wconf 90' lang='lat' dir='ltr'>errorem</span> <span class='ocrx_word' id='word_1_77' title='bbox 499 1496 614 1560; x_wconf 84' lang='lat' dir='ltr'>librarii</span> <span class='ocrx_word' id='word_1_78' title='bbox 635 1519 689 1582; x_wconf 94' lang='lat' dir='ltr'>pro</span> <span class='ocrx_word' id='word_1_79' title='bbox 700 1500 1032 1576; x_wconf 74' lang='grc' dir='ltr'><em>άπανήχαχονςνεευωι</em></span> <span class='ocrx_word' id='word_1_80' title='bbox 1044 1499 1189 1584; x_wconf 89' lang='lat' dir='ltr'>composi-</span> 
     </span>
     <span class='ocr_line' id='line_1_11' title="bbox 183 1616 780 1701; baseline 0.002 -23"><span class='ocrx_word' id='word_1_81' title='bbox 183 1617 222 1678; x_wconf 89' lang='lat' dir='ltr'>tis</span> <span class='ocrx_word' id='word_1_82' title='bbox 249 1638 318 1679; x_wconf 91' lang='lat' dir='ltr'>oum</span> <span class='ocrx_word' id='word_1_83' title='bbox 341 1616 399 1680; x_wconf 84' lang='grc' dir='ltr'>άνά</span> <span class='ocrx_word' id='word_1_84' title='bbox 414 1632 488 1679; x_wconf 68' lang='lat' dir='ltr'>&#39;raro</span> <span class='ocrx_word' id='word_1_85' title='bbox 512 1616 689 1701; x_wconf 87' lang='lat' dir='ltr'>praefigitur</span> <span class='ocrx_word' id='word_1_86' title='bbox 711 1616 780 1681; x_wconf 81' lang='grc' dir='ltr'><em>άπό.</em></span> 
     </span>
    </p>

    <p class='ocr_par' dir='ltr' id='par_1_3' title="bbox 165 1735 1246 3717">
     <span class='ocr_line' id='line_1_12' title="bbox 227 1735 1187 1821; baseline 0.002 -23"><span class='ocrx_word' id='word_1_87' title='bbox 227 1735 325 1799; x_wconf 79' lang='lat' dir='ltr'>Venio</span> <span class='ocrx_word' id='word_1_88' title='bbox 349 1736 388 1799; x_wconf 90' lang='lat' dir='ltr'>ad</span> <span class='ocrx_word' id='word_1_89' title='bbox 408 1735 621 1801; x_wconf 83' lang='lat' dir='ltr'>anacoluthon.</span> <span class='ocrx_word' id='word_1_90' title='bbox 646 1735 792 1820; x_wconf 78' lang='lat' dir='ltr'>Quisquis</span> <span class='ocrx_word' id='word_1_91' title='bbox 813 1736 917 1800; x_wconf 91' lang='lat' dir='ltr'>looum</span> <span class='ocrx_word' id='word_1_92' title='bbox 933 1744 1049 1800; x_wconf 89' lang='lat' dir='ltr'>attente</span> <span class='ocrx_word' id='word_1_93' title='bbox 1063 1737 1187 1821; x_wconf 88' lang='lat' dir='ltr'>legerit,</span> 
     </span>
     <span class='ocr_line' id='line_1_13' title="bbox 183 1853 1246 1939; baseline 0 -22"><span class='ocrx_word' id='word_1_94' title='bbox 183 1854 400 1918; x_wconf 72' lang='lat' dir='ltr'>animadvertet</span> <span class='ocrx_word' id='word_1_95' title='bbox 421 1855 499 1918; x_wconf 88' lang='lat' dir='ltr'>male</span> <span class='ocrx_word' id='word_1_96' title='bbox 522 1855 661 1939; x_wconf 87' lang='lat' dir='ltr'>copulata</span> <span class='ocrx_word' id='word_1_97' title='bbox 684 1876 747 1918; x_wconf 89' lang='lat' dir='ltr'>esse</span> <span class='ocrx_word' id='word_1_98' title='bbox 770 1854 845 1918; x_wconf 86' lang='lat' dir='ltr'>baec</span> <span class='ocrx_word' id='word_1_99' title='bbox 868 1854 928 1918; x_wconf 88' lang='lat' dir='ltr'>duo</span> <span class='ocrx_word' id='word_1_100' title='bbox 951 1853 1105 1918; x_wconf 88' lang='lat' dir='ltr'>membra:</span> <span class='ocrx_word' id='word_1_101' title='bbox 1122 1855 1187 1935; x_wconf 81' lang='grc' dir='ltr'><em>ὁρῶν</em></span> <span class='ocrx_word' id='word_1_102' title='bbox 1245 1925 1246 1930; x_wconf 13' lang='lat'>1</span> 
     </span>
     <span class='ocr_line' id='line_1_14' title="bbox 182 1970 1187 2054; baseline 0.002 -18"><span class='ocrx_word' id='word_1_103' title='bbox 182 1973 271 2048; x_wconf 76' lang='grc' dir='ltr'><em>δήπου</em></span> <span class='ocrx_word' id='word_1_104' title='bbox 301 1975 366 2044; x_wconf 79' lang='grc' dir='ltr'>τοὺς</span> <span class='ocrx_word' id='word_1_105' title='bbox 393 1970 497 2051; x_wconf 72' lang='grc' dir='ltr'><em>ἄνδρας</em></span> <span class='ocrx_word' id='word_1_106' title='bbox 511 2021 518 2037; x_wconf 89' lang='grc'><strong>.</strong></span> <span class='ocrx_word' id='word_1_107' title='bbox 533 2021 564 2039; x_wconf 87' lang='grc'>..</span> <span class='ocrx_word' id='word_1_108' title='bbox 592 1973 699 2054; x_wconf 82' lang='grc' dir='ltr'><em>χρυσὸν</em></span> <span class='ocrx_word' id='word_1_109' title='bbox 728 1971 995 2049; x_wconf 78' lang='grc' dir='ltr'><em>άποδείξαντας</em></span> <span class='ocrx_word' id='word_1_110' title='bbox 1019 1980 1050 2036; x_wconf 89' lang='lat' dir='ltr'>et</span> <span class='ocrx_word' id='word_1_111' title='bbox 1072 1971 1187 2054; x_wconf 87' lang='grc' dir='ltr'><em>Σωκρά-</em></span> 
     </span>
     <span class='ocr_line' id='line_1_15' title="bbox 181 2091 1187 2187; baseline -0.001 -31"><span class='ocrx_word' id='word_1_112' title='bbox 181 2116 217 2166; x_wconf 80' lang='lat' dir='ltr'>ra</span> <span class='ocrx_word' id='word_1_113' title='bbox 239 2141 291 2157; x_wconf 91' lang='lat'>...</span> <span class='ocrx_word' id='word_1_114' title='bbox 314 2091 476 2187; x_wconf 81' lang='grc' dir='ltr'><em>ἔπεμπον</em></span> <span class='ocrx_word' id='word_1_115' title='bbox 484 2141 493 2170; x_wconf 98' lang='grc'><em>,</em></span> <span class='ocrx_word' id='word_1_116' title='bbox 517 2114 573 2178; x_wconf 90' lang='lat' dir='ltr'>pro</span> <span class='ocrx_word' id='word_1_117' title='bbox 597 2114 658 2177; x_wconf 91' lang='lat' dir='ltr'>quo</span> <span class='ocrx_word' id='word_1_118' title='bbox 675 2092 791 2156; x_wconf 89' lang='lat' dir='ltr'>dictum</span> <span class='ocrx_word' id='word_1_119' title='bbox 806 2100 1002 2177; x_wconf 86' lang='lat' dir='ltr'>oportuerat:</span> <span class='ocrx_word' id='word_1_120' title='bbox 1019 2091 1187 2169; x_wconf 73' lang='grc' dir='ltr'><em>άποδεέξαν-</em></span> 
     </span>
     <span class='ocr_line' id='line_1_16' title="bbox 181 2209 1187 2296; baseline 0.002 -24"><span class='ocrx_word' id='word_1_121' title='bbox 181 2233 303 2280; x_wconf 82' lang='grc' dir='ltr'><em>τας...</em></span> <span class='ocrx_word' id='word_1_122' title='bbox 323 2210 374 2275; x_wconf 78' lang='grc' dir='ltr'>καί</span> <span class='ocrx_word' id='word_1_123' title='bbox 397 2233 468 2274; x_wconf 89' lang='grc' dir='ltr'><em>ποτε</em></span> <span class='ocrx_word' id='word_1_124' title='bbox 491 2211 696 2288; x_wconf 71' lang='grc' dir='ltr'><em>Σωκράτει...</em></span> <span class='ocrx_word' id='word_1_125' title='bbox 723 2212 949 2291; x_wconf 77' lang='grc' dir='ltr'><em>πέμψαντας.</em></span> <span class='ocrx_word' id='word_1_126' title='bbox 973 2209 1092 2296; x_wconf 85' lang='lat' dir='ltr'>Corrigi</span> <span class='ocrx_word' id='word_1_127' title='bbox 1115 2232 1187 2295; x_wconf 90' lang='lat' dir='ltr'>quo·</span> 
     </span>
     <span class='ocr_line' id='line_1_17' title="bbox 182 2325 1188 2412; baseline 0.004 -24"><span class='ocrx_word' id='word_1_128' title='bbox 182 2325 344 2390; x_wconf 89' lang='lat' dir='ltr'>dammodo</span> <span class='ocrx_word' id='word_1_129' title='bbox 367 2326 516 2392; x_wconf 87' lang='lat' dir='ltr'>sententia</span> <span class='ocrx_word' id='word_1_130' title='bbox 539 2334 639 2412; x_wconf 91' lang='lat' dir='ltr'>posset</span> <span class='ocrx_word' id='word_1_131' title='bbox 661 2327 820 2393; x_wconf 88' lang='lat' dir='ltr'>inserendo</span> <span class='ocrx_word' id='word_1_132' title='bbox 844 2326 906 2405; x_wconf 80' lang='grc' dir='ltr'><em>ἐτε,</em></span> <span class='ocrx_word' id='word_1_133' title='bbox 931 2327 989 2391; x_wconf 85' lang='lat' dir='ltr'>hoo</span> <span class='ocrx_word' id='word_1_134' title='bbox 1011 2326 1121 2391; x_wconf 90' lang='lat' dir='ltr'>modo:</span> <span class='ocrx_word' id='word_1_135' title='bbox 1146 2328 1188 2392; x_wconf 82' lang='grc' dir='ltr'>τά</span> 
     </span>
     <span class='ocr_line' id='line_1_18' title="bbox 182 2443 1187 2531; baseline 0 -21"><span class='ocrx_word' id='word_1_136' title='bbox 182 2443 294 2510; x_wconf 84' lang='grc' dir='ltr'><em>τ’άλλα</em></span> <span class='ocrx_word' id='word_1_137' title='bbox 316 2446 365 2512; x_wconf 74' lang='grc' dir='ltr'>καὶ</span> <span class='ocrx_word' id='word_1_138' title='bbox 389 2446 437 2512; x_wconf 73' lang='grc' dir='ltr'>ὅτε</span> <span class='ocrx_word' id='word_1_139' title='bbox 460 2457 496 2513; x_wconf 91' lang='grc' dir='ltr'>Σ.</span> <span class='ocrx_word' id='word_1_140' title='bbox 521 2448 660 2525; x_wconf 81' lang='grc' dir='ltr'><em>ἔπεμπον.</em></span> <span class='ocrx_word' id='word_1_141' title='bbox 707 2447 766 2512; x_wconf 85' lang='lat' dir='ltr'>Sed</span> <span class='ocrx_word' id='word_1_142' title='bbox 790 2471 808 2511; x_wconf 90' lang='lat' dir='ltr'>a</span> <span class='ocrx_word' id='word_1_143' title='bbox 830 2447 884 2511; x_wconf 89' lang='lat' dir='ltr'>tali</span> <span class='ocrx_word' id='word_1_144' title='bbox 906 2447 1124 2531; x_wconf 79' lang='lat' dir='ltr'>emendationis</span> <span class='ocrx_word' id='word_1_145' title='bbox 1140 2468 1187 2510; x_wconf 90' lang='lat' dir='ltr'>oo·</span> 
     </span>
     <span class='ocr_line' id='line_1_19' title="bbox 182 2565 1187 2651; baseline 0 -23"><span class='ocrx_word' id='word_1_146' title='bbox 182 2572 256 2628; x_wconf 90' lang='lat' dir='ltr'>natu</span> <span class='ocrx_word' id='word_1_147' title='bbox 279 2565 389 2629; x_wconf 89' lang='lat' dir='ltr'>retinet</span> <span class='ocrx_word' id='word_1_148' title='bbox 407 2588 455 2629; x_wconf 81' lang='lat' dir='ltr'>ine</span> <span class='ocrx_word' id='word_1_149' title='bbox 471 2565 553 2650; x_wconf 91' lang='lat' dir='ltr'>quod</span> <span class='ocrx_word' id='word_1_150' title='bbox 568 2565 657 2629; x_wconf 91' lang='lat' dir='ltr'>toties</span> <span class='ocrx_word' id='word_1_151' title='bbox 672 2567 799 2651; x_wconf 85' lang='lat' dir='ltr'>scriptor</span> <span class='ocrx_word' id='word_1_152' title='bbox 813 2565 846 2629; x_wconf 94' lang='lat' dir='ltr'>in</span> <span class='ocrx_word' id='word_1_153' title='bbox 862 2565 1022 2629; x_wconf 90' lang='lat' dir='ltr'>verborum</span> <span class='ocrx_word' id='word_1_154' title='bbox 1035 2573 1187 2629; x_wconf 85' lang='lat' dir='ltr'>construo-</span> 
     </span>
     <span class='ocr_line' id='line_1_20' title="bbox 181 2683 1186 2768; baseline 0 -22"><span class='ocrx_word' id='word_1_155' title='bbox 181 2683 281 2760; x_wconf 88' lang='lat' dir='ltr'>tione,</span> <span class='ocrx_word' id='word_1_156' title='bbox 302 2683 422 2747; x_wconf 88' lang='lat' dir='ltr'>inscitia</span> <span class='ocrx_word' id='word_1_157' title='bbox 437 2683 535 2747; x_wconf 88' lang='lat' dir='ltr'>dioam</span> <span class='ocrx_word' id='word_1_158' title='bbox 550 2706 589 2747; x_wconf 97' lang='lat' dir='ltr'>an</span> <span class='ocrx_word' id='word_1_159' title='bbox 605 2683 642 2747; x_wconf 87' lang='lat' dir='ltr'><em>de</em></span> <span class='ocrx_word' id='word_1_160' title='bbox 657 2683 822 2761; x_wconf 86' lang='lat' dir='ltr'>industria,</span> <span class='ocrx_word' id='word_1_161' title='bbox 839 2691 960 2768; x_wconf 80' lang='lat' dir='ltr'>peccat3</span> <span class='ocrx_word' id='word_1_162' title='bbox 977 2683 1051 2747; x_wconf 90' lang='lat' dir='ltr'>dum</span> <span class='ocrx_word' id='word_1_163' title='bbox 1071 2689 1186 2767; x_wconf 88' lang='lat' dir='ltr'>gratam</span> 
     </span>
     <span class='ocr_line' id='line_1_21' title="bbox 182 2801 1185 2888; baseline 0 -23"><span class='ocrx_word' id='word_1_164' title='bbox 182 2802 302 2866; x_wconf 82' lang='lat' dir='ltr'>affectat</span> <span class='ocrx_word' id='word_1_165' title='bbox 328 2801 558 2886; x_wconf 84' lang='lat' dir='ltr'>negligentiam,</span> <span class='ocrx_word' id='word_1_166' title='bbox 587 2801 708 2866; x_wconf 89' lang='lat' dir='ltr'>mutilat</span> <span class='ocrx_word' id='word_1_167' title='bbox 731 2801 878 2887; x_wconf 81' lang='lat' dir='ltr'>periodos.</span> <span class='ocrx_word' id='word_1_168' title='bbox 902 2801 1049 2888; x_wconf 82' lang='lat' dir='ltr'>Exemplo</span> <span class='ocrx_word' id='word_1_169' title='bbox 1069 2801 1134 2874; x_wconf 59' lang='lat' dir='ltr'>,sint</span> <span class='ocrx_word' id='word_1_170' title='bbox 1155 2825 1185 2887; x_wconf 88' lang='lat' dir='ltr'>p.</span> 
     </span>
     <span class='ocr_line' id='line_1_22' title="bbox 165 2918 1186 3004; baseline 0.002 -19"><span class='ocrx_word' id='word_1_171' title='bbox 165 2924 247 2985; x_wconf 70' lang='grc'><strong>«344</strong></span> <span class='ocrx_word' id='word_1_172' title='bbox 269 2921 313 2986; x_wconf 80' lang='lat' dir='ltr'>E:</span> <span class='ocrx_word' id='word_1_173' title='bbox 337 2923 510 3003; x_wconf 73' lang='grc' dir='ltr'><em>φιλοτιμίας</em></span> <span class='ocrx_word' id='word_1_174' title='bbox 541 2922 673 3002; x_wconf 67' lang='grc' dir='ltr'>αἰσχράς,</span> <span class='ocrx_word' id='word_1_175' title='bbox 696 2921 773 3004; x_wconf 73' lang='grc' dir='ltr'><em>εἴπερ</em></span> <span class='ocrx_word' id='word_1_176' title='bbox 796 2919 880 2987; x_wconf 85' lang='grc' dir='ltr'><em>ἐνεκα</em></span> <span class='ocrx_word' id='word_1_177' title='bbox 981 2918 1013 2998; x_wconf 79' lang='grc' dir='ltr'>ής</span> <span class='ocrx_word' id='word_1_178' title='bbox 1035 2924 1085 2986; x_wconf 79' lang='grc' dir='ltr'>οὐκ</span> <span class='ocrx_word' id='word_1_179' title='bbox 1107 2921 1186 2999; x_wconf 79' lang='grc' dir='ltr'><em>άξιος</em></span> 
     </span>
     <span class='ocr_line' id='line_1_23' title="bbox 181 3037 1186 3122; baseline -0.003 -16"><span class='ocrx_word' id='word_1_180' title='bbox 181 3037 214 3115; x_wconf 79' lang='grc' dir='ltr'>ἦν</span> <span class='ocrx_word' id='word_1_181' title='bbox 232 3043 359 3119; x_wconf 78' lang='grc' dir='ltr'><em>άχαπῶν</em></span> <span class='ocrx_word' id='word_1_182' title='bbox 379 3038 463 3117; x_wconf 75' lang='grc' dir='ltr'><em>δόξαν</em></span> <span class='ocrx_word' id='word_1_183' title='bbox 478 3043 530 3116; x_wconf 82' lang='grc' dir='ltr'>τήν</span> <span class='ocrx_word' id='word_1_184' title='bbox 541 3049 593 3114; x_wconf 82' lang='grc' dir='ltr'>τής</span> <span class='ocrx_word' id='word_1_185' title='bbox 605 3050 737 3122; x_wconf 78' lang='grc' dir='ltr'><em>μετοχῆς</em></span> <span class='ocrx_word' id='word_1_186' title='bbox 749 3041 918 3117; x_wconf 73' lang='grc' dir='ltr'><em>γενομένην,</em></span> <span class='ocrx_word' id='word_1_187' title='bbox 931 3040 986 3104; x_wconf 87' lang='lat' dir='ltr'>ubi</span> <span class='ocrx_word' id='word_1_188' title='bbox 998 3039 1186 3104; x_wconf 87' lang='lat' dir='ltr'>desideratur</span> 
     </span>
     <span class='ocr_line' id='line_1_24' title="bbox 181 3156 1185 3243; baseline 0.002 -23"><span class='ocrx_word' id='word_1_189' title='bbox 181 3157 332 3243; x_wconf 88' lang='lat' dir='ltr'>apodosis.</span> <span class='ocrx_word' id='word_1_190' title='bbox 361 3180 391 3242; x_wconf 89' lang='lat' dir='ltr'>p.</span> <span class='ocrx_word' id='word_1_191' title='bbox 416 3160 480 3221; x_wconf 85' lang='grc'>348</span> <span class='ocrx_word' id='word_1_192' title='bbox 504 3156 547 3220; x_wconf 90' lang='lat' dir='ltr'>B:</span> <span class='ocrx_word' id='word_1_193' title='bbox 571 3159 681 3239; x_wconf 77' lang='grc' dir='ltr'><em>άποράν</em></span> <span class='ocrx_word' id='word_1_194' title='bbox 704 3158 733 3222; x_wconf 76' lang='grc' dir='ltr'><em>δέ</em></span> <span class='ocrx_word' id='word_1_195' title='bbox 753 3157 891 3234; x_wconf 73' lang='grc' dir='ltr'><em>Θεοδότην</em></span> <span class='ocrx_word' id='word_1_196' title='bbox 908 3158 1185 3238; x_wconf 78' lang='grc' dir='ltr'><em>μεταπεμψάμενος</em></span> 
     </span>
     <span class='ocr_line' id='line_1_25' title="bbox 181 3276 1186 3358; baseline 0 -18"><span class='ocrx_word' id='word_1_197' title='bbox 181 3279 220 3348; x_wconf 78' lang='grc' dir='ltr'>εἰς</span> <span class='ocrx_word' id='word_1_198' title='bbox 242 3276 290 3341; x_wconf 80' lang='grc' dir='ltr'>τὸν</span> <span class='ocrx_word' id='word_1_199' title='bbox 316 3285 423 3352; x_wconf 85' lang='grc' dir='ltr'><em>κήπου·</em></span> <span class='ocrx_word' id='word_1_200' title='bbox 455 3276 559 3357; x_wconf 87' lang='grc' dir='ltr'><em>ἐτυχον</em></span> <span class='ocrx_word' id='word_1_201' title='bbox 589 3276 618 3341; x_wconf 76' lang='grc' dir='ltr'>δὲ</span> <span class='ocrx_word' id='word_1_202' title='bbox 651 3278 679 3340; x_wconf 87' lang='grc' dir='ltr'>ἐν</span> <span class='ocrx_word' id='word_1_203' title='bbox 700 3280 740 3357; x_wconf 78' lang='grc' dir='ltr'>τῷ</span> <span class='ocrx_word' id='word_1_204' title='bbox 763 3278 845 3358; x_wconf 88' lang='grc' dir='ltr'><em>κήπῳ</em></span> <span class='ocrx_word' id='word_1_205' title='bbox 868 3277 916 3341; x_wconf 72' lang='grc' dir='ltr'>καὶ</span> <span class='ocrx_word' id='word_1_206' title='bbox 940 3278 998 3355; x_wconf 72' lang='grc' dir='ltr'>ἐγὼ</span> <span class='ocrx_word' id='word_1_207' title='bbox 1019 3276 1087 3342; x_wconf 80' lang='grc' dir='ltr'><em>τότε</em></span> <span class='ocrx_word' id='word_1_208' title='bbox 1109 3301 1186 3357; x_wconf 83' lang='grc' dir='ltr'><em>περι·</em></span> 
     </span>
     <span class='ocr_line' id='line_1_26' title="bbox 181 3392 1185 3481; baseline -0.003 -21"><span class='ocrx_word' id='word_1_209' title='bbox 181 3402 299 3461; x_wconf 82' lang='grc' dir='ltr'><em>πατῶν·</em></span> <span class='ocrx_word' id='word_1_210' title='bbox 323 3396 363 3462; x_wconf 80' lang='grc' dir='ltr'>τά</span> <span class='ocrx_word' id='word_1_211' title='bbox 385 3396 438 3474; x_wconf 80' lang='grc' dir='ltr'>μὲν</span> <span class='ocrx_word' id='word_1_212' title='bbox 461 3392 506 3461; x_wconf 81' lang='grc' dir='ltr'>οὖν</span> <span class='ocrx_word' id='word_1_213' title='bbox 528 3393 612 3461; x_wconf 85' lang='grc' dir='ltr'><em>άλλα</em></span> <span class='ocrx_word' id='word_1_214' title='bbox 635 3395 694 3461; x_wconf 80' lang='grc' dir='ltr'>οὔτ’</span> <span class='ocrx_word' id='word_1_215' title='bbox 712 3392 777 3460; x_wconf 71' lang='grc' dir='ltr'><em>οἶδα</em></span> <span class='ocrx_word' id='word_1_216' title='bbox 800 3397 860 3462; x_wconf 84' lang='grc' dir='ltr'>κτέ.</span> <span class='ocrx_word' id='word_1_217' title='bbox 878 3396 932 3460; x_wconf 90' lang='lat' dir='ltr'>ubi</span> <span class='ocrx_word' id='word_1_218' title='bbox 955 3418 1009 3480; x_wconf 95' lang='lat' dir='ltr'>pro</span> <span class='ocrx_word' id='word_1_219' title='bbox 1025 3396 1185 3481; x_wconf 85' lang='lat' dir='ltr'>participio</span> 
     </span>
     <span class='ocr_line' id='line_1_27' title="bbox 180 3513 1186 3598; baseline -0.003 -19"><span class='ocrx_word' id='word_1_220' title='bbox 180 3513 455 3595; x_wconf 75' lang='grc' dir='ltr'><em>μεταπεμψάμενος</em></span> <span class='ocrx_word' id='word_1_221' title='bbox 493 3514 704 3598; x_wconf 84' lang='lat' dir='ltr'>requirebatur</span> <span class='ocrx_word' id='word_1_222' title='bbox 736 3514 863 3578; x_wconf 82' lang='lat' dir='ltr'>verbnm</span> <span class='ocrx_word' id='word_1_223' title='bbox 896 3513 1026 3578; x_wconf 88' lang='lat' dir='ltr'>finitum.</span> <span class='ocrx_word' id='word_1_224' title='bbox 1073 3514 1186 3579; x_wconf 91' lang='lat' dir='ltr'>Huius·</span> 
     </span>
     <span class='ocr_line' id='line_1_28' title="bbox 181 3631 754 3717; baseline 0 -21"><span class='ocrx_word' id='word_1_225' title='bbox 181 3632 264 3696; x_wconf 87' lang='lat' dir='ltr'>modi</span> <span class='ocrx_word' id='word_1_226' title='bbox 286 3633 476 3698; x_wconf 85' lang='lat' dir='ltr'>anacoluthis</span> <span class='ocrx_word' id='word_1_227' title='bbox 499 3639 594 3697; x_wconf 85' lang='lat' dir='ltr'>scatet</span> <span class='ocrx_word' id='word_1_228' title='bbox 617 3631 754 3717; x_wconf 90' lang='lat' dir='ltr'>epistola.</span> 
     </span>
    </p>

    <p class='ocr_par' dir='ltr' id='par_1_4' title="bbox 181 3750 1185 4192">
     <span class='ocr_line' id='line_1_29' title="bbox 225 3750 1184 3838; baseline 0.001 -24"><span class='ocrx_word' id='word_1_229' title='bbox 225 3751 321 3816; x_wconf 91' lang='lat' dir='ltr'>Paulo</span> <span class='ocrx_word' id='word_1_230' title='bbox 344 3761 412 3838; x_wconf 89' lang='lat' dir='ltr'>post</span> <span class='ocrx_word' id='word_1_231' title='bbox 434 3752 592 3837; x_wconf 85' lang='lat' dir='ltr'>indignam</span> <span class='ocrx_word' id='word_1_232' title='bbox 615 3751 747 3816; x_wconf 82' lang='lat' dir='ltr'>Socratis</span> <span class='ocrx_word' id='word_1_233' title='bbox 770 3774 875 3816; x_wconf 87' lang='lat' dir='ltr'>neoem</span> <span class='ocrx_word' id='word_1_234' title='bbox 898 3757 984 3816; x_wconf 90' lang='lat' dir='ltr'>notat</span> <span class='ocrx_word' id='word_1_235' title='bbox 1005 3750 1052 3815; x_wconf 91' lang='lat' dir='ltr'>his</span> <span class='ocrx_word' id='word_1_236' title='bbox 1067 3751 1184 3815; x_wconf 84' lang='lat' dir='ltr'>verbis:</span> 
     </span>
     <span class='ocr_line' id='line_1_30' title="bbox 181 3870 1185 3949; baseline -0.003 -13"><span class='ocrx_word' id='word_1_237' title='bbox 181 3873 355 3937; x_wconf 67' lang='lat' dir='ltr'>elaterium</span> <span class='ocrx_word' id='word_1_238' title='bbox 376 3872 424 3938; x_wconf 83' lang='grc' dir='ltr'>τὸν</span> <span class='ocrx_word' id='word_1_239' title='bbox 453 3871 520 3936; x_wconf 80' lang='grc' dir='ltr'><em>τότε</em></span> <span class='ocrx_word' id='word_1_240' title='bbox 549 3881 602 3946; x_wconf 84' lang='grc' dir='ltr'>τής</span> <span class='ocrx_word' id='word_1_241' title='bbox 632 3871 742 3936; x_wconf 79' lang='grc' dir='ltr'><em>άνοτίου</em></span> <span class='ocrx_word' id='word_1_242' title='bbox 772 3871 895 3949; x_wconf 57' lang='lat' dir='ltr'>dauri?</span> <span class='ocrx_word' id='word_1_243' title='bbox 926 3872 976 3935; x_wconf 82' lang='grc' dir='ltr'>οὐκ</span> <span class='ocrx_word' id='word_1_244' title='bbox 1006 3870 1185 3945; x_wconf 72' lang='grc' dir='ltr'><em>ἐθελήσαντα</em></span> 
     </span>
     <span class='ocr_line' id='line_1_31' title="bbox 181 3985 1185 4073; baseline -0.001 -19"><span class='ocrx_word' id='word_1_245' title='bbox 181 4000 347 4071; x_wconf 81' lang='grc' dir='ltr'><em>μετασχεῖν</em></span> <span class='ocrx_word' id='word_1_246' title='bbox 365 3991 427 4072; x_wconf 76' lang='grc' dir='ltr'><em>περὶ</em></span> <span class='ocrx_word' id='word_1_247' title='bbox 447 3987 497 4054; x_wconf 75' lang='grc' dir='ltr'><em>’ἕνα</em></span> <span class='ocrx_word' id='word_1_248' title='bbox 515 3997 571 4055; x_wconf 76' lang='grc' dir='ltr'>τῶν</span> <span class='ocrx_word' id='word_1_249' title='bbox 590 3989 657 4055; x_wconf 81' lang='grc' dir='ltr'><em>τότε</em></span> <span class='ocrx_word' id='word_1_250' title='bbox 675 3989 843 4073; x_wconf 72' lang='grc' dir='ltr'><em>Φευγόντων</em></span> <span class='ocrx_word' id='word_1_251' title='bbox 861 3990 972 4071; x_wconf 80' lang='grc' dir='ltr'><em>φίλων,</em></span> <span class='ocrx_word' id='word_1_252' title='bbox 997 3985 1044 4053; x_wconf 72' lang='grc' dir='ltr'>ὅτε</span> <span class='ocrx_word' id='word_1_253' title='bbox 1061 3987 1185 4068; x_wconf 73' lang='grc' dir='ltr'><em>Φεύγον-</em></span> 
     </span>
     <span class='ocr_line' id='line_1_32' title="bbox 181 4105 1185 4192; baseline -0.004 -19"><span class='ocrx_word' id='word_1_254' title='bbox 181 4133 229 4180; x_wconf 80' lang='grc' dir='ltr'>τες</span> <span class='ocrx_word' id='word_1_255' title='bbox 252 4109 426 4190; x_wconf 74' lang='grc' dir='ltr'><em>ἐδυστύχουν</em></span> <span class='ocrx_word' id='word_1_256' title='bbox 452 4111 543 4174; x_wconf 69' lang='grc' dir='ltr'><em>αὐτοί.</em></span> <span class='ocrx_word' id='word_1_257' title='bbox 575 4108 690 4188; x_wconf 75' lang='lat' dir='ltr'>Quales</span> <span class='ocrx_word' id='word_1_258' title='bbox 714 4109 874 4173; x_wconf 87' lang='lat' dir='ltr'>verborum</span> <span class='ocrx_word' id='word_1_259' title='bbox 897 4107 1050 4192; x_wconf 88' lang='lat' dir='ltr'>argutiae!</span> <span class='ocrx_word' id='word_1_260' title='bbox 1084 4105 1185 4185; x_wconf 75' lang='lat' dir='ltr'>Quam</span> 
     </span>
    </p>

    <p class='ocr_par' dir='ltr' id='par_1_5' title="bbox 1023 4223 1067 4281">
     <span class='ocr_line' id='line_1_33' title="bbox 1023 4223 1067 4281; baseline 0 -21"><span class='ocrx_word' id='word_1_261' title='bbox 1023 4223 1067 4281; x_wconf 57' lang='grc' dir='ltr'>[μ</span> 
     </span>
    </p>
   </div>
   <div class='ocr_carea' id='block_1_3' title="bbox 0 0 1378 4950">
    <p class='ocr_par' dir='ltr' id='par_1_6' title="bbox 0 0 1378 4950">
     <span class='ocr_line' id='line_1_34' title="bbox 0 0 1378 4950; baseline 0 0"><span class='ocrx_word' id='word_1_262' title='bbox 0 0 1378 4950; x_wconf 95' lang='lat' dir='ltr'> </span> 
     </span>
    </p>
   </div>
  </div>
 </body>
</html>
