2746 4950
659 360 720 423 227

181 563 215 629 τὸ
243 564 381 643 πράσσειν
413 565 453 629 σοὶ
487 567 566 631 κοινοὶ
588 568 637 630 nal
661 567 798 632 πολιτικοὶ
821 568 958 646 ἐπιθυμίαι
980 570 1022 654 (p.
1047 571 1111 632 325
1136 571 1186 654 Α).

181 683 241 747 Sed
266 705 342 767 quae
365 705 436 747 mox
458 684 558 748 evenit
580 685 694 770 injusta
716 685 848 750 Socratis
871 686 1039 765 damnatio,
1056 695 1123 751 tum
1140 687 1189 752 de·

181 823 382 887 magogorum
404 803 618 887 importunitas
635 796 665 868 et
680 803 849 868 increscens
864 826 984 869 morum
996 804 1187 890 depravatio,

182 922 256 984 haec
279 944 327 985 me
349 921 382 986 rb
406 927 513 1003 πρῶτον
532 931 644 997 πολλῆς
663 923 770 1000 μεστὸν
788 922 858 988 dara
877 925 964 1001 ὁρμῆς
980 924 1028 1011 ἐπὶ
1044 923 1078 989 πὸ
1094 923 1186 1004 apaa-

181 1066 240 1106 σειν
260 1042 300 1106 σοὶ
323 1041 402 1106 κοινοὶ
425 1050 632 1125 represserunt
655 1041 740 1126 (ibid.
764 1041 815 1126 D).
862 1041 911 1105 Ita
933 1043 1048 1108 factum
1065 1050 1185 1108 utnon

180 1158 357 1223 desisterem
381 1159 504 1243 quidem
527 1160 673 1244 cogitare,
698 1159 851 1244 quomodo
873 1183 921 1224 res
945 1160 1075 1225 civitatis
1091 1184 1189 1225 emen·

182 1278 249 1341 dari
271 1285 395 1363 possent
403 1296 420 1356 ,⁴
438 1277 490 1342 sed
511 1285 547 1342 ut
570 1277 680 1362 agendi
703 1279 891 1343 occasionem
907 1301 1025 1365 semper
1037 1287 1188 1366 exspecta-

181 1419 262 1460 rem:
286 1394 359 1461 ὥστε
378 1421 482 1474 με...
505 1402 555 1461 τοῦ
578 1397 631 1474 μὲν
654 1403 770 1461 σκοπεῖν
792 1399 834 1474 μὴ
853 1400 1033 1480 οὲποσσῆνοιι,
1054 1408 1096 1480 πῇ
1119 1398 1187 1464 ποτ’

181 1512 297 1592 ἄμεινον
321 1513 357 1579 ἂν
379 1514 524 1597 γίγνοιτο,
540 1565 547 1581 .
561 1564 591 1580 ..
615 1520 666 1579 ποῦ
689 1515 718 1578 δὲ
740 1514 878 1596 προέπσειν
900 1512 939 1581 at
961 1517 1118 1597 περιμένειν
1140 1517 1186 1582 olel

181 1633 303 1714 καιρούς.
338 1632 423 1716 (ibid.
447 1633 494 1718 Ε).
540 1632 697 1696 Postremo
735 1635 902 1719 perspicere
937 1635 1038 1720 coepi,
1065 1634 1187 1699 nullum

181 1752 256 1816 mali
288 1751 456 1816 remedium
490 1751 554 1819 fore
586 1751 646 1815 nisi
670 1752 686 1828 ἢ
709 1751 742 1818 πὸ
770 1759 825 1817 τῶν
858 1755 1093 1836 Φιλοσοφούνπιον
1118 1804 1126 1820 .

181 1872 263 1951 γένος
286 1873 325 1944 εἷς
347 1873 446 1954 οὶρχοὶς
468 1872 534 1955 ἔλθοι
555 1874 611 1945 aar
634 1874 804 1949 πολιτικὰς,
829 1873 845 1948 ἢ
868 1873 902 1938 τὸ
923 1878 979 1938 τῶν
1002 1873 1185 1939 δυνοισπευόν

183 2017 239 2056 πων
262 1995 289 2057 ἐν
313 1999 379 2064 raia
402 1991 569 2059 πόλεσι...
594 1991 680 2064 ὄντος
703 1995 889 2076 Φιλοσοφιὶσν
912 1994 952 2077 (p.
978 1995 1041 2056 326
1065 1993 1116 2065 Β).

227 2111 371 2176 Dubitari
401 2111 510 2194 nequit
530 2112 613 2196 ‘quin
636 2113 765 2196 scriptor
787 2112 835 2176 his
858 2111 1049 2196 responderit
1071 2113 1188 2197 vitupe-

182 2230 295 2294 rationi
324 2252 442 2307 eorum,
475 2230 528 2312 qui
559 2252 646 2314 aegre
681 2229 793 2293 ferrent
823 2230 1041 2315 philosophum
1068 2232 1100 2294 in
1124 2231 1187 2295 otio

183 2348 221 2412 de
245 2348 420 2433 disciplina,
444 2348 482 2412 de
505 2348 641 2412 moribus
665 2347 755 2412 etde
779 2347 899 2432 legibus
923 2348 1120 2413 disserentem
1130 2348 1188 2412 fori

182 2468 282 2532 luoem
304 2467 409 2552 fugere
432 2473 462 2530 et
492 2490 509 2530 a
530 2467 708 2532 muneribus
724 2467 916 2551 negotiisque
939 2467 1078 2552 gerendis
1099 2467 1189 2531 absti-

183 2609 270 2650 nere:
297 2608 436 2670 quorum·
450 2562 688 2649 obtrectatorum
712 2586 937 2649 criminationes
957 2585 1022 2670 ipse
1044 2585 1133 2649 Plato
1156 2586 1188 2649 iu
1275 2653 1280 2657 ,

182 2705 261 2769 libro
297 2703 343 2767 Ἦ
376 2705 414 2770 (16
448 2704 523 2790 Rep.
559 2727 575 2769 e
610 2727 738 2790 persona
772 2704 929 2769 Adimanti
964 2712 1187 2769 commemorat.

182 2825 297 2908 Aperte
326 2823 359 2887 id
388 2823 504 2887 indicat
533 2823 565 2887 in
592 2813 732 2908 Epistola
754 2823 783 2885 V
791 2872 800 2902 ,
823 2847 854 2908 p.
879 2826 942 2887 322
967 2824 1012 2901 Α,
1037 2823 1092 2887 ubi
1115 2824 1189 2888 haec

181 2944 287 3008 scribit
320 2943 359 3008 ad
388 2933 580 3007 Perdiccami
612 2945 662 3008 r’drr
693 2934 721 3007 δέ
751 2968 795 3015 τις
829 2944 959 3016 οἰκούσας
991 2942 1077 3009 τοῦτ’
1106 2943 1188 3027 εἴπῃ·
1252 2941 1254 2945 ’

182 3061 328 3144 Πλιὶτιον,
352 3066 388 3134 ὡς
411 3064 495 3145 ἔοικε,
520 3070 715 3144 προσποιεῖται(
739 3063 792 3140 μὲν
813 3064 854 3127 σοὶ
878 3062 1057 3145 δνμοκροιτίμ
1074 3060 1191 3144 ξυμφέ-

182 3185 254 3262 ρονπ’
285 3180 402 3257 εἰδὲνιιι,
434 3180 495 3258 ἐξὸν
526 3181 550 3246 δ’
571 3183 599 3246 ἑν
622 3185 662 3263 τῷ
686 3181 766 3262 δήμῳ
788 3182 885 3258 λέγειν
907 3181 956 3245 κυνὶ
981 3176 1190 3258 ξυμβουλεύειν

183 3301 327 3382 arrasa
347 3300 511 3382 βέλτιστοι,
543 3302 574 3364 οὐ
606 3301 717 3364 πώποτ’
739 3299 872 3371 diarria
904 3297 1090 3382 ἐφθέγξατο·
1122 3297 1190 3378 πρὸς

182 3422 270 3484 τοῦτ’
300 3420 404 3494 εἰπεῖν,
435 3415 478 3483 ὅτι
508 3416 634 3484 Πλοὶπιον
663 3417 713 3498 ὄψ’
747 3418 774 3481 ἐν
797 3427 834 3500 σῇ
863 3417 978 3497 carpta
1013 3417 1118 3495 νένονε
1140 3415 1189 3480 real

182 3538 231 3604 τὸν
261 3537 348 3613 δῆμον
379 3536 548 3614 κατέλαβεν
578 3536 628 3613 ἤδη
658 3535 852 3616 πρεσβύτερον
882 3536 931 3600 nal
962 3535 1113 3613 εἰθισμένον
1137 3533 1191 3598 ὑπὸ

181 3664 238 3724 τῶν
257 3655 412 3736 ἔμπροσθεν
430 3656 529 3720 πολλοὶ
547 3655 597 3720 aa}
617 3655 739 3732 οὶνόμοιοο
758 3665 795 3734 τῇ
817 3655 920 3719 ἐκείνου
933 3652 1087 3734 ξυμβουλῇ
1099 3651 1192 3733 προίσ-

181 3800 250 3841 πειν.
296 3764 351 3855 ‚,Si
375 3775 443 3859 quis
467 3775 591 3860 objiciat
613 3774 773 3839 Platonem
796 3775 957 3838 scientiam
980 3773 1103 3858 quidem
1119 3795 1191 3858 prae

181 3917 214 3958 se
237 3893 313 3958 ferre
329 3916 430 3957 rerum
454 3893 606 3971 civilium,
631 3892 700 3970 sed,
722 3915 819 3977 quum
834 3893 924 3956 liceat
940 3893 967 3956 ei
986 3891 1087 3977 palam
1102 3892 1135 3955 in
1152 3891 1191 3955 oi·

182 4014 277 4077 vitate
307 4012 398 4077 verba
432 4012 529 4075 lacere
559 4020 589 4075 et
620 4011 746 4075 consilia
769 4011 857 4088 dare,
882 4011 914 4075 id
938 4011 1093 4095 refugere,
1118 4010 1190 4073 huic

182 4131 348 4215 responde:
372 4130 461 4194 Plato
477 4153 573 4215 quum
589 4130 627 4194 ad
642 4131 862 4214 rempublicam
883 4131 1022 4207 accessit,
1040 4129 1189 4214 populum

1008 4247 1072 4306 15*
