2746 4950
664 338 725 401 125

188 572 255 627 nes,
273 546 590 625 animadvertendum,
615 555 810 632 personatum
834 546 993 610 Platonem
1016 545 1049 610 in
1063 544 1121 610 bac
1138 548 1198 631 epi·

187 668 266 731 stola
293 667 392 731 dicere
424 668 535 744 solere,
567 666 606 730 de
636 689 698 750 quo
729 667 806 729 infra
841 667 1028 744 accuratius,
1057 689 1088 729 se
1119 665 1197 729 nihil

186 786 282 849 literis
305 770 479 862 mandasse,
504 808 634 868 eumque
658 786 695 848 de
719 785 840 869 scriptis
864 785 927 848 suis
951 785 993 847 sic
1017 784 1119 867 loqui,
1134 793 1197 869 tan-

187 926 279 988 quam
303 904 350 967 de>
364 904 553 968 sermonibus
577 927 628 968 ore
652 903 773 967 habitis.

230 1023 399 1087 Incidimus
431 1023 480 1087 hic
510 1023 542 1087 in
574 1022 728 1086 difficilem
761 1023 969 1106 quaestionem
1002 1029 1031 1086 et
1062 1023 1195 1086 multum

186 1140 403 1226 disceptatam‚
428 1141 465 1204 de
488 1148 623 1225 tempore
642 1163 703 1224 quo
724 1139 863 1205 [tomacla
877 1163 900 1230 'a
915 1139 1044 1203 Platone
1060 1141 1195 1204 conlecta

186 1260 235 1322 sit.
282 1258 346 1322 Alii
369 1265 440 1321 ante
463 1258 680 1342 profectionem
704 1258 737 1320 in
752 1257 892 1334 Italiam,
910 1257 961 1320 alii
977 1265 1047 1341 post
1062 1258 1194 1322 reditum

186 1399 205 1439 a
227 1377 324 1460 primo
347 1377 456 1440 itinere
472 1377 509 1440 ad
525 1376 707 1461 Dionysium
724 1375 868 1438 maiorem
883 1376 941 1439 hoc
957 1398 1035 1460 opus
1048 1377 1195 1461 scriptum

186 1518 250 1558 esse
278 1502 411 1559 censent.
458 1494 598 1576 Quarum
621 1495 799 1579 opinionum
812 1495 961 1579 posterior
988 1496 1014 1557 si
1030 1495 1193 1580 probatur,

186 1615 316 1698 scriptor
345 1622 448 1677 noster
478 1614 562 1678 haud
591 1614 664 1676 levis
688 1613 797 1677 erroris
817 1614 1017 1678 convincitur.
1053 1614 1113 1678 Sed
1137 1617 1195 1679 ista

186 1735 337 1797 sententia
361 1757 396 1796 eo
419 1734 548 1796 maxime
564 1734 674 1797 nititur
690 1739 887 1816 argumento,
905 1732 988 1817 quod
1004 1755 1081 1818 opus
1098 1734 1193 1811 illud,

188 1861 225 1916 ut
248 1860 491 1915 consummatum
515 1852 650 1935 ingenii,
669 1851 758 1928 artis,
776 1849 930 1914 doctrinae
946 1858 1193 1928 monumentum,

185 1971 341 2056 probabile
365 1971 405 2034 sit
428 1971 576 2056 scriptum
604 1993 667 2033 esse
691 1993 726 2032 eo
740 1971 846 2032 aetatis
858 1978 1010 2054 tempore,
1027 1993 1088 2054 quo
1104 1970 1193 2033 Plato

184 2090 370 2153 maturitatis
409 2090 564 2173 fastigium
592 2089 751 2172 attigisset.
788 2089 885 2171 Atqui
915 2088 1193 2166 fatendum,nil1il

184 2208 304 2271 obstare
335 2208 498 2291 quominus
530 2208 706 2285 Platonem,
738 2209 791 2290 qui
824 2206 872 2270 ab¹
893 2206 1096 2271 adolescentia
1124 2209 1195 2270 scri·

183 2327 283 2390 bendo
307 2351 337 2389 se
362 2308 552 2403 exercueratss
572 2335 646 2390 aute
672 2326 938 2410 quadragesimum
954 2327 1061 2390 aetatis
1078 2350 1192 2390 aunum

177 2449 243 2531 jam
266 2446 304 2509 ad
328 2448 426 2524 οὲκμὴν
451 2447 621 2530 pervenisse
645 2445 813 2509 credamus

227 2565 325 2628 Priori
349 2587 419 2627 vero
435 2565 601 2628 sententiae
621 2565 751 2628 maxime
771 2566 977 2649 propugnavit
988 2565 1192 2649 Morgenstcr·

181 2684 253 2747 nius
277 2682 326 2767 (de
350 2683 470 2746 Platon.
494 2681 568 2767 Rep.
594 2707 623 2768 p.
650 2685 689 2749 73
715 2685 810 2768 sqq.)‚
835 2684 889 2766 qui
904 2684 943 2747 ob
960 2684 1191 2747 similitudinem

182 2826 261 2886 quae
276 2802 438 2866 intercedit
450 2802 529 2865 iuter
543 2803 757 2888 Aristophanis
771 2802 994 2866 Ecclesiazusas
1012 2809 1041 2866 et
1054 2803 1191 2866 Platonis

182 2921 431 3006 Rempublicam‚
462 2944 524 2984 non
555 2921 683 2985 dubium
716 2944 779 2985 esse
810 2922 928 2984 censuit
959 2923 1034 3005 quiu
1058 2923 1191 2986 comicus

181 3040 239 3118 hac
266 3040 369 3104 fabula
392 3040 581 3103 Platonicam
604 3041 759 3104 civitatem
782 3037 978 3103 deridendam
1002 3041 1060 3104 sibi
1083 3064 1192 3126 propo·

183 3159 304 3222 suisset.
335 3158 420 3237 Quas
445 3159 525 3221 enirn
548 3157 720 3242 Praxagora
742 3158 786 3221 ibi
809 3158 988 3222 mulieribus
1012 3159 1070 3222 lert
1092 3158 1189 3242 leges,

183 3277 221 3339 de
245 3277 458 3340 communione
481 3276 631 3339 bonorum
656 3282 687 3339 et
709 3298 856 3352 uxorum,
881 3275 919 3338 de
939 3275 1190 3350 communicanda

181 3419 253 3459 cum
283 3396 355 3458 viris
387 3401 416 3457 et
446 3394 625 3458 mulieribus
656 3395 822 3458 liberorum
842 3391 935 3472 cura,
964 3393 1001 3457 de
1024 3394 1110 3470 aliis,
1136 3394 1190 3456 has

181 3537 252 3578 cum
283 3513 458 3576 Platonicae
482 3513 611 3576 civitatis
635 3512 754 3596 legibus
778 3514 821 3575 ita
844 3512 1018 3590 concinere,
1047 3521 1082 3576 ut
1109 3512 1188 3575 idem

182 3634 224 3696 sit
247 3639 460 3718 argumentum
483 3632 515 3695 in
538 3632 702 3696 ridiculum
730 3654 917 3696 conversum.

227 3750 364 3815 Eandem
387 3751 568 3814 sententiam
593 3751 722 3836 amplexi
747 3759 820 3814 sunt
850 3749 1024 3813 Meinekius
1048 3757 1077 3812 et
1100 3749 1190 3833 Berg-

180 3871 270 3948 kius,
294 3871 347 3954 qui
370 3870 531 3932 Platonem
554 3871 655 3954 ipsum
677 3870 710 3933 iu
734 3869 839 3933 eadem
864 3868 1019 3933 comoedia
1043 3893 1101 3932 vss.
1125 3871 1185 3934 647

181 3997 212 4053 et
240 3993 304 4052 aad
334 3985 522 4070 'Aprcrdaaco
554 3989 676 4051 nomine
707 3989 807 4051 notari
837 3987 962 4063 volunt,
994 3986 1132 4050 similiter
1155 3995 1189 4050 ut

181 4111 213 4171 iu
253 4107 357 4172 fabula
387 4106 498 4183 Pluto,
528 4130 570 4170 vs
605 4110 688 4184 314,
720 4129 797 4191 quae
822 4106 927 4191 paucis
951 4107 1039 4169 annis
1064 4114 1133 4170 ante
1157 4107 1188 4169 iu
