2746 4950
530 1080 725 1175 oliui
761 1080 827 1174 IX.

213 1409 251 1452 on
274 1406 504 1465 urrsromnuu,
527 1405 700 1450 immemor
723 1392 940 1462 ru·⁶etm1⁸⁰,
974 1405 1161 1451 ruorosmo.

410 1527 451 1570 or
473 1527 623 1572 amnonis
645 1525 948 1572 concuspiscamus.

571 1821 784 1864 -οοὶοςοο-

223 2108 322 2195 Supra
348 2109 412 2194 jam
441 2108 726 2187 animadvertimus,
757 2107 841 2191 quod
872 2107 1026 2172 neminem
1057 2109 1196 2193 quibas

178 2226 320 2311 epistolas
343 2234 458 2291 attento
482 2228 582 2291 animo
605 2224 767 2311 perlegerit
797 2226 901 2310 fugere
933 2234 1053 2311 potest,
1087 2250 1193 2292 earum

178 2345 352 2431 plerasque,
377 2346 538 2431 praecipue
560 2367 630 2409 vero
655 2344 750 2409 VH⁸¹¹¹
774 2352 804 2409 ct
819 2344 919 2424 IH⁸¹⁰‚
945 2346 1107 2410 continere
1130 2347 1194 2410 lau·

179 2463 331 2529 dationem
355 2464 491 2530 Platonis
514 2464 562 2528 vel
582 2465 685 2549 potius
712 2464 932 2543 defensionem,
957 2487 1018 2549 qua
1040 2471 1114 2530 tum
1133 2466 1194 2530 alia

178 2592 243 2649 tum
264 2584 393 2648 maxime
421 2585 486 2648 eius
512 2584 622 2648 itinera
648 2583 810 2669 Syracusas
838 2592 980 2678 susceptp
996 2591 1027 2649 et
1042 2606 1194 2650 commar-

179 2705 259 2768 cium
292 2703 375 2787 quod
406 2703 433 2767 ei
463 2725 534 2767 cum
564 2703 660 2767 altero
692 2703 839 2788 Dionysio
866 2703 926 2768 fuit
951 2704 988 2769 ab
1012 2703 1194 2769 invidorum

178 2822 463 2907 reprehensionibus
493 2822 696 2886 vindicantur.
745 2821 862 2908 Operae
893 2824 1025 2908 pretium
1048 2832 1130 2907 puto
1161 2823 1195 2886 id

179 2941 348 3004 accuratius
371 2940 528 3005 ostendere
552 2949 583 3004 et
605 2940 697 3004 simul
711 2940 861 3019 indicare,
878 2912 1052 3005 cuiusmodi
1068 2948 1103 3005 et
1119 2964 1196 3026 quo·

176 3083 316 3125 rumnam
331 3059 444 3124 luerint
458 3060 534 3123 istae
548 3059 798 3145 vituperationes,
811 3082 889 3145 quae
901 3060 1079 3128 scribendae
1092 3061 1193 3126 huius

180 3179 336 3264 apologiae
360 3202 464 3243 ansam
487 3178 636 3243 dederint.

224 3297 262 3362 In
277 3297 400 3361 exordio
412 3297 569 3382 Epistolae
580 3296 645 3360 VII
657 3296 745 3361 Plato
754 3302 1102 3362 commemoratcausam
1112 3321 1196 3366 cure

179 3416 335 3501 republica
358 3416 549 3481 abstinuerit.
594 3415 679 3479 Dicit
701 3415 734 3479 id
758 3439 789 3481 se
812 3416 918 3480 fecisse
933 3439 996 3481 non
1011 3439 1069 3481 sua
1083 3418 1196 3484 volun·

179 3543 258 3612 tate,
283 3534 336 3599 sed
359 3534 492 3599 adversis
515 3533 703 3619 temporibus
727 3540 758 3598 et
777 3535 928 3619 corruptis
950 3535 1083 3599 civitatis
1100 3538 1196 3602 mori-

179 3654 236 3719 bus
267 3661 416 3719 coactum.
462 3653 536 3725 Ns'oe
552 3653 619 3730 tv,
643 3652 762 3736 inquit,
787 3653 874 3735 ᾠήθην
880 3702 890 3732 ,
919 3654 944 3717 εἰ
970 3656 1073 3718 θᾶττον
1097 3656 1194 3731 tuac

178 3778 228 3839 τοῦ
258 3774 394 3852 γενοίμην
423 3772 533 3853 κύριος,
567 3772 615 3837 ἐπὶ
642 3772 682 3836 τὰ
702 3772 780 3837 κοιναὶ
803 3780 855 3847 τῆς
878 3771 990 3844 πόλεως
1012 3772 1095 3845 εὐθὺς
1121 3775 1195 3840 ἰέναι

179 3893 220 3977 (p.
253 3893 318 3955 324
349 3891 387 3976 Β)
393 3917 402 3968 3
435 3889 488 3955 sed
511 3889 549 3954 ab
573 3889 631 3953 hoc
656 3890 811 3974 proposito
836 3913 903 3954 sum
927 3890 1090 3955 deterritus
1112 3893 1194 3958 insc-

179 4017 251 4074 cuta
273 4008 364 4073 XXX
388 4009 521 4072 virorum
544 4008 760 4072 dominatione.
807 4007 865 4072 His
888 4007 1023 4093 expulsis
1039 4007 1125 4074 idem
1143 4035 1193 4075 me

120 4172 123 4178 ·
180 4127 317 4192 studium
343 4128 452 4193 traxit:
479 4127 661 4208 βραδύτερον
673 4129 744 4204 μὲν,
768 4121 846 4192 εἷλκε
869 4127 899 4192 δέ
917 4151 957 4205 με
980 4127 1056 4205 ὅμως
1082 4132 1098 4205 ἡ
1126 4130 1192 4211 περὶ
