<?xml version="1.0" encoding="UTF-8"?>
<!DOCTYPE html PUBLIC "-//W3C//DTD XHTML 1.0 Transitional//EN"
    "http://www.w3.org/TR/xhtml1/DTD/xhtml1-transitional.dtd">
<html xmlns="http://www.w3.org/1999/xhtml" xml:lang="en" lang="en">
 <head>
  <title>
</title>
<meta http-equiv="Content-Type" content="text/html;charset=utf-8" />
  <meta name='ocr-system' content='tesseract 3.04.00' />
  <meta name='ocr-capabilities' content='ocr_page ocr_carea ocr_par ocr_line ocrx_word'/>
</head>
<body>
  <div class='ocr_page' id='page_1' title='image "./commentatiocrit00karsgoog_0051.png"; bbox 0 0 2746 4950; ppageno 0'>
   <div class='ocr_carea' id='block_1_1' title="bbox 662 332 702 390">
    <p class='ocr_par' dir='ltr' id='par_1_1' title="bbox 662 332 702 390">
     <span class='ocr_line' id='line_1_1' title="bbox 662 332 702 390; baseline 0 0"><span class='ocrx_word' id='word_1_1' title='bbox 662 332 702 390; x_wconf 70' lang='lat'><strong>24·</strong></span> 
     </span>
    </p>
   </div>
   <div class='ocr_carea' id='block_1_2' title="bbox 131 539 1189 3588">
    <p class='ocr_par' dir='ltr' id='par_1_2' title="bbox 131 539 1189 1928">
     <span class='ocr_line' id='line_1_2' title="bbox 224 539 1189 622; baseline 0 -20"><span class='ocrx_word' id='word_1_2' title='bbox 224 539 348 618; x_wconf 77' lang='lat' dir='ltr'><strong>Quanta</strong></span> <span class='ocrx_word' id='word_1_3' title='bbox 371 539 463 602; x_wconf 87' lang='lat' dir='ltr'><strong>suerit</strong></span> <span class='ocrx_word' id='word_1_4' title='bbox 486 539 613 601; x_wconf 90' lang='lat' dir='ltr'><strong>istorum</strong></span> <span class='ocrx_word' id='word_1_5' title='bbox 630 539 784 601; x_wconf 80' lang='lat' dir='ltr'><strong>rhetorum</strong></span> <span class='ocrx_word' id='word_1_6' title='bbox 801 540 986 622; x_wconf 80' lang='lat' dir='ltr'><strong>ignorantia,</strong></span> <span class='ocrx_word' id='word_1_7' title='bbox 1008 539 1118 602; x_wconf 87' lang='lat' dir='ltr'><strong>clarius</strong></span> <span class='ocrx_word' id='word_1_8' title='bbox 1134 539 1189 601; x_wconf 93' lang='lat' dir='ltr'><strong>do-</strong></span> 
     </span>
     <span class='ocr_line' id='line_1_3' title="bbox 179 656 1188 742; baseline 0.001 -21"><span class='ocrx_word' id='word_1_9' title='bbox 179 668 354 723; x_wconf 90' lang='lat' dir='ltr'><strong>cumentum</strong></span> <span class='ocrx_word' id='word_1_10' title='bbox 378 658 502 741; x_wconf 86' lang='lat' dir='ltr'><strong>reperiri</strong></span> <span class='ocrx_word' id='word_1_11' title='bbox 526 679 587 721; x_wconf 92' lang='lat' dir='ltr'><strong>non</strong></span> <span class='ocrx_word' id='word_1_12' title='bbox 611 664 711 741; x_wconf 89' lang='lat' dir='ltr'><strong>potest</strong></span> <span class='ocrx_word' id='word_1_13' title='bbox 731 680 824 740; x_wconf 90' lang='lat' dir='ltr'><strong>quam</strong></span> <span class='ocrx_word' id='word_1_14' title='bbox 839 657 978 742; x_wconf 78' lang='lat' dir='ltr'>Epistola</span> <span class='ocrx_word' id='word_1_15' title='bbox 993 656 1057 735; x_wconf 89' lang='lat' dir='ltr'><strong>XI,</strong></span> <span class='ocrx_word' id='word_1_16' title='bbox 1074 659 1107 720; x_wconf 90' lang='lat' dir='ltr'><strong>in</strong></span> <span class='ocrx_word' id='word_1_17' title='bbox 1124 680 1188 741; x_wconf 89' lang='lat' dir='ltr'><strong>qua</strong></span> 
     </span>
     <span class='ocr_line' id='line_1_4' title="bbox 177 749 1185 861; baseline -0.001 -21"><span class='ocrx_word' id='word_1_18' title='bbox 177 778 265 840; x_wconf 86' lang='lat' dir='ltr'><strong>Plato</strong></span> <span class='ocrx_word' id='word_1_19' title='bbox 296 776 513 853; x_wconf 82' lang='lat' dir='ltr'><strong>Leodamanti,</strong></span> <span class='ocrx_word' id='word_1_20' title='bbox 544 777 657 860; x_wconf 88' lang='lat' dir='ltr'><strong>petenti</strong></span> <span class='ocrx_word' id='word_1_21' title='bbox 680 783 716 839; x_wconf 90' lang='lat' dir='ltr'><strong>ut</strong></span> <span class='ocrx_word' id='word_1_22' title='bbox 740 799 812 839; x_wconf 89' lang='lat' dir='ltr'><strong>suae</strong></span> <span class='ocrx_word' id='word_1_23' title='bbox 835 776 950 839; x_wconf 84' lang='lat' dir='ltr'><strong>civitati</strong></span> <span class='ocrx_word' id='word_1_24' title='bbox 973 749 1055 861; x_wconf 89' lang='lat' dir='ltr'><strong>leges</strong></span> <span class='ocrx_word' id='word_1_25' title='bbox 1078 776 1185 855; x_wconf 90' lang='lat' dir='ltr'><strong>daret,</strong></span> 
     </span>
     <span class='ocr_line' id='line_1_5' title="bbox 178 893 1187 979; baseline 0.002 -21"><span class='ocrx_word' id='word_1_26' title='bbox 178 895 358 979; x_wconf 82' lang='lat' dir='ltr'><strong>respondet,</strong></span> <span class='ocrx_word' id='word_1_27' title='bbox 386 893 545 958; x_wconf 70' lang='lat' dir='ltr'><strong>&#39;Socratem</strong></span> <span class='ocrx_word' id='word_1_28' title='bbox 575 897 772 974; x_wconf 69' lang='lat' dir='ltr'><strong>crpcyycapr&#39;a</strong></span> <span class='ocrx_word' id='word_1_29' title='bbox 795 894 948 971; x_wconf 86' lang='lat' dir='ltr'><strong>laborare,</strong></span> <span class='ocrx_word' id='word_1_30' title='bbox 969 917 1001 958; x_wconf 90' lang='lat' dir='ltr'><strong>se</strong></span> <span class='ocrx_word' id='word_1_31' title='bbox 1024 904 1127 958; x_wconf 87' lang='lat' dir='ltr'><strong>autem</strong></span> <span class='ocrx_word' id='word_1_32' title='bbox 1149 896 1187 960; x_wconf 79' lang='grc' dir='ltr'><strong>δι’</strong></span> 
     </span>
     <span class='ocr_line' id='line_1_6' title="bbox 131 1012 1186 1097; baseline -0.004 -17"><span class='ocrx_word' id='word_1_33' title='bbox 131 1015 138 1025; x_wconf 81' lang='lat'>&#39;</span> <span class='ocrx_word' id='word_1_34' title='bbox 179 1016 291 1091; x_wconf 74' lang='grc' dir='ltr'><strong>ἡλικίαν</strong></span> <span class='ocrx_word' id='word_1_35' title='bbox 322 1015 426 1097; x_wconf 86' lang='lat' dir='ltr'><strong>fugere</strong></span> <span class='ocrx_word' id='word_1_36' title='bbox 460 1015 628 1078; x_wconf 64' lang='grc' dir='ltr'><strong>πλανᾶσθαι</strong></span> <span class='ocrx_word' id='word_1_37' title='bbox 660 1013 740 1078; x_wconf 67' lang='grc' dir='ltr'><strong>κατὰ</strong></span> <span class='ocrx_word' id='word_1_38' title='bbox 767 1022 823 1090; x_wconf 68' lang='grc' dir='ltr'><strong>γῆν</strong></span> <span class='ocrx_word' id='word_1_39' title='bbox 845 1014 894 1077; x_wconf 79' lang='lat' dir='ltr'><strong>acl</strong></span> <span class='ocrx_word' id='word_1_40' title='bbox 916 1013 997 1077; x_wconf 71' lang='lat' dir='ltr'><strong>acret</strong></span> <span class='ocrx_word' id='word_1_41' title='bbox 1019 1012 1186 1077; x_wconf 59' lang='lat' dir='ltr'><strong>carana.</strong></span> 
     </span>
     <span class='ocr_line' id='line_1_7' title="bbox 180 1132 1187 1217; baseline 0 -21"><span class='ocrx_word' id='word_1_42' title='bbox 180 1136 229 1196; x_wconf 84' lang='lat' dir='ltr'><strong>An</strong></span> <span class='ocrx_word' id='word_1_43' title='bbox 249 1135 344 1217; x_wconf 88' lang='lat' dir='ltr'><strong>major</strong></span> <span class='ocrx_word' id='word_1_44' title='bbox 364 1140 534 1217; x_wconf 90' lang='lat' dir='ltr'><strong>temporum</strong></span> <span class='ocrx_word' id='word_1_45' title='bbox 544 1133 681 1196; x_wconf 86' lang='lat' dir='ltr'><strong>conlusio</strong></span> <span class='ocrx_word' id='word_1_46' title='bbox 690 1133 817 1216; x_wconf 88' lang='lat' dir='ltr'><strong>cogitari</strong></span> <span class='ocrx_word' id='word_1_47' title='bbox 830 1139 929 1217; x_wconf 90' lang='lat' dir='ltr'><strong>potest</strong></span> <span class='ocrx_word' id='word_1_48' title='bbox 943 1155 1033 1216; x_wconf 90' lang='lat' dir='ltr'><strong>quam</strong></span> <span class='ocrx_word' id='word_1_49' title='bbox 1048 1132 1187 1211; x_wconf 85' lang='lat' dir='ltr'><strong>erede-re,</strong></span> 
     </span>
     <span class='ocr_line' id='line_1_8' title="bbox 179 1250 1189 1315; baseline 0.001 -2"><span class='ocrx_word' id='word_1_50' title='bbox 179 1253 297 1315; x_wconf 90' lang='lat' dir='ltr'><strong>vivente</strong></span> <span class='ocrx_word' id='word_1_51' title='bbox 320 1250 443 1314; x_wconf 86' lang='lat' dir='ltr'><strong>Socrate</strong></span> <span class='ocrx_word' id='word_1_52' title='bbox 466 1250 624 1314; x_wconf 80' lang='lat' dir='ltr'>Platonem</span> <span class='ocrx_word' id='word_1_53' title='bbox 649 1274 751 1314; x_wconf 91' lang='lat' dir='ltr'><strong>senem</strong></span> <span class='ocrx_word' id='word_1_54' title='bbox 775 1250 868 1314; x_wconf 88' lang='lat' dir='ltr'><strong>fuisse</strong></span> <span class='ocrx_word' id='word_1_55' title='bbox 892 1260 922 1314; x_wconf 88' lang='lat' dir='ltr'><strong>et</strong></span> <span class='ocrx_word' id='word_1_56' title='bbox 945 1274 1079 1315; x_wconf 91' lang='lat' dir='ltr'><strong>errorum</strong></span> <span class='ocrx_word' id='word_1_57' title='bbox 1103 1261 1189 1315; x_wconf 92' lang='lat' dir='ltr'><strong>terra</strong></span> 
     </span>
     <span class='ocr_line' id='line_1_9' title="bbox 179 1367 1185 1454; baseline 0 -22"><span class='ocrx_word' id='word_1_58' title='bbox 179 1370 316 1452; x_wconf 90' lang='lat' dir='ltr'><strong>marique</strong></span> <span class='ocrx_word' id='word_1_59' title='bbox 343 1367 480 1432; x_wconf 83' lang='lat' dir='ltr'><strong>lassum?</strong></span> <span class='ocrx_word' id='word_1_60' title='bbox 528 1367 639 1451; x_wconf 86' lang='lat' dir='ltr'><strong>Neque</strong></span> <span class='ocrx_word' id='word_1_61' title='bbox 662 1368 700 1430; x_wconf 92' lang='lat' dir='ltr'><strong>dc</strong></span> <span class='ocrx_word' id='word_1_62' title='bbox 723 1368 782 1431; x_wconf 88' lang='lat' dir='ltr'><strong>alio</strong></span> <span class='ocrx_word' id='word_1_63' title='bbox 806 1368 945 1446; x_wconf 85' lang='lat' dir='ltr'><strong>Socrate,</strong></span> <span class='ocrx_word' id='word_1_64' title='bbox 966 1369 1088 1454; x_wconf 87' lang='lat' dir='ltr'><strong>juniore</strong></span> <span class='ocrx_word' id='word_1_65' title='bbox 1111 1368 1185 1447; x_wconf 87' lang='lat' dir='ltr'><strong>illc,</strong></span> 
     </span>
     <span class='ocr_line' id='line_1_10' title="bbox 179 1488 1187 1573; baseline 0.003 -24"><span class='ocrx_word' id='word_1_66' title='bbox 179 1489 226 1552; x_wconf 90' lang='lat' dir='ltr'><strong>vel</strong></span> <span class='ocrx_word' id='word_1_67' title='bbox 256 1489 294 1551; x_wconf 94' lang='lat' dir='ltr'><strong>de</strong></span> <span class='ocrx_word' id='word_1_68' title='bbox 324 1488 458 1552; x_wconf 90' lang='lat' dir='ltr'><strong>Isocrate</strong></span> <span class='ocrx_word' id='word_1_69' title='bbox 486 1488 565 1571; x_wconf 81' lang='lat' dir='ltr'><strong>(Ast.</strong></span> <span class='ocrx_word' id='word_1_70' title='bbox 589 1511 619 1572; x_wconf 92' lang='lat' dir='ltr'><strong>p.</strong></span> <span class='ocrx_word' id='word_1_71' title='bbox 646 1489 721 1572; x_wconf 73' lang='lat'>526)</span> <span class='ocrx_word' id='word_1_72' title='bbox 744 1489 794 1551; x_wconf 91' lang='lat' dir='ltr'><strong>hie</strong></span> <span class='ocrx_word' id='word_1_73' title='bbox 818 1489 944 1572; x_wconf 88' lang='lat' dir='ltr'><strong>cogitari</strong></span> <span class='ocrx_word' id='word_1_74' title='bbox 966 1510 1069 1573; x_wconf 90' lang='lat' dir='ltr'><strong>posse,</strong></span> <span class='ocrx_word' id='word_1_75' title='bbox 1098 1512 1187 1573; x_wconf 88' lang='lat' dir='ltr'><strong>argu-</strong></span> 
     </span>
     <span class='ocr_line' id='line_1_11' title="bbox 178 1604 1186 1695; baseline 0.001 -25"><span class='ocrx_word' id='word_1_76' title='bbox 178 1613 315 1670; x_wconf 81' lang='lat' dir='ltr'><strong>mentum</strong></span> <span class='ocrx_word' id='word_1_77' title='bbox 339 1606 459 1669; x_wconf 88' lang='lat' dir='ltr'><strong>clamat.</strong></span> <span class='ocrx_word' id='word_1_78' title='bbox 492 1604 673 1670; x_wconf 69' lang='lat' dir='ltr'><strong>scribendae</strong></span> <span class='ocrx_word' id='word_1_79' title='bbox 690 1612 791 1669; x_wconf 87' lang='lat' dir='ltr'><strong>autem</strong></span> <span class='ocrx_word' id='word_1_80' title='bbox 808 1607 900 1670; x_wconf 85' lang='lat' dir='ltr'><strong>huius</strong></span> <span class='ocrx_word' id='word_1_81' title='bbox 917 1606 1063 1695; x_wconf 74' lang='lat' dir='ltr'><strong>epistolae</strong></span> <span class='ocrx_word' id='word_1_82' title='bbox 1080 1630 1186 1671; x_wconf 92' lang='lat' dir='ltr'><strong>ansam</strong></span> 
     </span>
     <span class='ocr_line' id='line_1_12' title="bbox 178 1724 1186 1810; baseline 0.002 -22"><span class='ocrx_word' id='word_1_83' title='bbox 178 1725 265 1789; x_wconf 83' lang='lat' dir='ltr'><strong>facile</strong></span> <span class='ocrx_word' id='word_1_84' title='bbox 288 1725 374 1788; x_wconf 82' lang='lat' dir='ltr'><strong>d‘edit</strong></span> <span class='ocrx_word' id='word_1_85' title='bbox 396 1725 493 1802; x_wconf 87' lang='lat' dir='ltr'><strong>lama,</strong></span> <span class='ocrx_word' id='word_1_86' title='bbox 516 1724 676 1788; x_wconf 82' lang='lat' dir='ltr'><strong>Platonem</strong></span> <span class='ocrx_word' id='word_1_87' title='bbox 692 1748 709 1787; x_wconf 95' lang='lat' dir='ltr'><strong>a</strong></span> <span class='ocrx_word' id='word_1_88' title='bbox 724 1725 991 1810; x_wconf 80' lang='lat' dir='ltr'><strong>Megalopolitanis</strong></span> <span class='ocrx_word' id='word_1_89' title='bbox 1008 1727 1186 1790; x_wconf 89' lang='lat' dir='ltr'><strong>arcessitum</strong></span> 
     </span>
     <span class='ocr_line' id='line_1_13' title="bbox 180 1842 792 1928; baseline -0.002 -21"><span class='ocrx_word' id='word_1_90' title='bbox 180 1853 214 1907; x_wconf 88' lang='lat' dir='ltr'><strong>ut</strong></span> <span class='ocrx_word' id='word_1_91' title='bbox 236 1844 317 1928; x_wconf 89' lang='lat' dir='ltr'><strong>leges</strong></span> <span class='ocrx_word' id='word_1_92' title='bbox 340 1845 378 1906; x_wconf 92' lang='lat' dir='ltr'><strong>iis</strong></span> <span class='ocrx_word' id='word_1_93' title='bbox 401 1843 560 1920; x_wconf 82' lang='lat' dir='ltr'><strong>scriberet,</strong></span> <span class='ocrx_word' id='word_1_94' title='bbox 585 1842 616 1906; x_wconf 91' lang='lat' dir='ltr'><strong>id</strong></span> <span class='ocrx_word' id='word_1_95' title='bbox 641 1843 792 1907; x_wconf 88' lang='lat' dir='ltr'><strong>abnuisse.</strong></span> 
     </span>
    </p>

    <p class='ocr_par' dir='ltr' id='par_1_3' title="bbox 176 1962 1188 3111">
     <span class='ocr_line' id='line_1_14' title="bbox 222 1962 1183 2048; baseline 0.003 -23"><span class='ocrx_word' id='word_1_96' title='bbox 222 1962 296 2026; x_wconf 89' lang='lat' dir='ltr'><strong>Non</strong></span> <span class='ocrx_word' id='word_1_97' title='bbox 318 1963 450 2027; x_wconf 90' lang='lat' dir='ltr'><strong>melioris</strong></span> <span class='ocrx_word' id='word_1_98' title='bbox 473 1963 625 2040; x_wconf 67' lang='grc' dir='ltr'><strong>κόμματος</strong></span> <span class='ocrx_word' id='word_1_99' title='bbox 649 1973 694 2026; x_wconf 87' lang='lat' dir='ltr'><strong>est</strong></span> <span class='ocrx_word' id='word_1_100' title='bbox 717 1962 799 2040; x_wconf 87' lang='lat' dir='ltr'>XII,</span> <span class='ocrx_word' id='word_1_101' title='bbox 822 1964 935 2048; x_wconf 88' lang='lat' dir='ltr'><strong>scripta</strong></span> <span class='ocrx_word' id='word_1_102' title='bbox 947 1963 985 2026; x_wconf 88' lang='lat' dir='ltr'><strong>ad</strong></span> <span class='ocrx_word' id='word_1_103' title='bbox 997 1964 1183 2048; x_wconf 77' lang='lat' dir='ltr'><strong>Archytam,</strong></span> 
     </span>
     <span class='ocr_line' id='line_1_15' title="bbox 179 2081 1188 2166; baseline 0.001 -20"><span class='ocrx_word' id='word_1_104' title='bbox 179 2106 239 2166; x_wconf 91' lang='lat' dir='ltr'><strong>qua</strong></span> <span class='ocrx_word' id='word_1_105' title='bbox 263 2082 334 2146; x_wconf 90' lang='lat' dir='ltr'><strong>huic</strong></span> <span class='ocrx_word' id='word_1_106' title='bbox 358 2082 470 2166; x_wconf 81' lang='lat' dir='ltr'><strong>gratias</strong></span> <span class='ocrx_word' id='word_1_107' title='bbox 493 2083 570 2166; x_wconf 87' lang='lat' dir='ltr'><strong>agit,</strong></span> <span class='ocrx_word' id='word_1_108' title='bbox 595 2081 677 2165; x_wconf 91' lang='lat' dir='ltr'><strong>quod</strong></span> <span class='ocrx_word' id='word_1_109' title='bbox 694 2082 751 2146; x_wconf 87' lang='lat' dir='ltr'><strong>sibi</strong></span> <span class='ocrx_word' id='word_1_110' title='bbox 766 2082 898 2146; x_wconf 87' lang='lat' dir='ltr'><strong>misisset</strong></span> <span class='ocrx_word' id='word_1_111' title='bbox 917 2084 1117 2160; x_wconf 70' lang='grc' dir='ltr'><strong>ὑπομνήματα</strong></span> <span class='ocrx_word' id='word_1_112' title='bbox 1132 2084 1188 2147; x_wconf 94' lang='lat' dir='ltr'><strong>ho-</strong></span> 
     </span>
     <span class='ocr_line' id='line_1_16' title="bbox 179 2201 1186 2286; baseline 0.002 -21"><span class='ocrx_word' id='word_1_113' title='bbox 179 2202 269 2278; x_wconf 84' lang='lat' dir='ltr'><strong>minis</strong></span> <span class='ocrx_word' id='word_1_114' title='bbox 288 2201 488 2286; x_wconf 85' lang='lat' dir='ltr'><strong>Pythagorei,</strong></span> <span class='ocrx_word' id='word_1_115' title='bbox 505 2209 542 2264; x_wconf 89' lang='lat' dir='ltr'><strong>ut</strong></span> <span class='ocrx_word' id='word_1_116' title='bbox 556 2201 694 2278; x_wconf 87' lang='lat' dir='ltr'><strong>videtur,</strong></span> <span class='ocrx_word' id='word_1_117' title='bbox 711 2223 801 2284; x_wconf 90' lang='lat' dir='ltr'><strong>quem</strong></span> <span class='ocrx_word' id='word_1_118' title='bbox 818 2201 894 2264; x_wconf 86' lang='lat' dir='ltr'><strong>dicit</strong></span> <span class='ocrx_word' id='word_1_119' title='bbox 909 2201 1072 2265; x_wconf 89' lang='lat' dir='ltr'><strong>oriundum</strong></span> <span class='ocrx_word' id='word_1_120' title='bbox 1089 2202 1186 2267; x_wconf 80' lang='lat' dir='ltr'><strong>hiisse</strong></span> 
     </span>
     <span class='ocr_line' id='line_1_17' title="bbox 179 2319 1186 2404; baseline 0.004 -22"><span class='ocrx_word' id='word_1_121' title='bbox 179 2344 196 2382; x_wconf 91' lang='lat' dir='ltr'><strong>a</strong></span> <span class='ocrx_word' id='word_1_122' title='bbox 219 2320 384 2384; x_wconf 88' lang='lat' dir='ltr'><strong>maioribus</strong></span> <span class='ocrx_word' id='word_1_123' title='bbox 407 2320 555 2384; x_wconf 81' lang='lat' dir='ltr'><strong>Troianis.</strong></span> <span class='ocrx_word' id='word_1_124' title='bbox 603 2319 797 2383; x_wconf 78' lang='lat' dir='ltr'><strong>IntellexItne</strong></span> <span class='ocrx_word' id='word_1_125' title='bbox 820 2319 1039 2404; x_wconf 80' lang='lat' dir='ltr'><strong>Pythagoricae</strong></span> <span class='ocrx_word' id='word_1_126' title='bbox 1063 2321 1186 2386; x_wconf 91' lang='lat' dir='ltr'><strong>scholae</strong></span> 
     </span>
     <span class='ocr_line' id='line_1_18' title="bbox 178 2438 1186 2524; baseline 0.003 -23"><span class='ocrx_word' id='word_1_127' title='bbox 178 2439 382 2517; x_wconf 89' lang='lat' dir='ltr'><strong>conditorem,</strong></span> <span class='ocrx_word' id='word_1_128' title='bbox 406 2438 615 2516; x_wconf 75' lang='lat' dir='ltr'><strong>Panthoiden,</strong></span> <span class='ocrx_word' id='word_1_129' title='bbox 640 2461 656 2502; x_wconf 85' lang='lat' dir='ltr'><strong>e</strong></span> <span class='ocrx_word' id='word_1_130' title='bbox 679 2461 790 2522; x_wconf 87' lang='lat' dir='ltr'><strong>genere</strong></span> <span class='ocrx_word' id='word_1_131' title='bbox 812 2438 866 2500; x_wconf 90' lang='lat' dir='ltr'><strong>illo</strong></span> <span class='ocrx_word' id='word_1_132' title='bbox 887 2438 1112 2524; x_wconf 82' lang='lat' dir='ltr'><strong>Trojugendm,</strong></span> <span class='ocrx_word' id='word_1_133' title='bbox 1130 2442 1186 2523; x_wconf 89' lang='lat' dir='ltr'><strong>qui</strong></span> 
     </span>
     <span class='ocr_line' id='line_1_19' title="bbox 178 2556 1185 2624; baseline 0.004 -4"><span class='ocrx_word' id='word_1_134' title='bbox 178 2556 420 2621; x_wconf 86' lang='lat' dir='ltr'><strong>Laomedonteae</strong></span> <span class='ocrx_word' id='word_1_135' title='bbox 443 2559 570 2622; x_wconf 87' lang='lat' dir='ltr'><strong>iniuriae</strong></span> <span class='ocrx_word' id='word_1_136' title='bbox 594 2558 723 2622; x_wconf 87' lang='lat' dir='ltr'><strong>fuissent</strong></span> <span class='ocrx_word' id='word_1_137' title='bbox 745 2559 896 2621; x_wconf 89' lang='lat' dir='ltr'><strong>immunes</strong></span> <span class='ocrx_word' id='word_1_138' title='bbox 920 2567 951 2622; x_wconf 87' lang='lat' dir='ltr'><strong>et</strong></span> <span class='ocrx_word' id='word_1_139' title='bbox 972 2558 1078 2622; x_wconf 90' lang='lat' dir='ltr'><strong>relicta</strong></span> <span class='ocrx_word' id='word_1_140' title='bbox 1092 2559 1185 2624; x_wconf 78' lang='lat' dir='ltr'><strong>Troia</strong></span> 
     </span>
     <span class='ocr_line' id='line_1_20' title="bbox 179 2674 1186 2760; baseline 0.002 -23"><span class='ocrx_word' id='word_1_141' title='bbox 179 2676 211 2738; x_wconf 91' lang='lat' dir='ltr'><strong>in</strong></span> <span class='ocrx_word' id='word_1_142' title='bbox 235 2675 379 2758; x_wconf 88' lang='lat' dir='ltr'><strong>Magnam</strong></span> <span class='ocrx_word' id='word_1_143' title='bbox 405 2675 563 2738; x_wconf 85' lang='lat' dir='ltr'><strong>Graeciam</strong></span> <span class='ocrx_word' id='word_1_144' title='bbox 587 2674 788 2760; x_wconf 82' lang='lat' dir='ltr'><strong>migrassent?</strong></span> <span class='ocrx_word' id='word_1_145' title='bbox 812 2674 955 2739; x_wconf 81' lang='lat' dir='ltr'><strong>Vicissim</strong></span> <span class='ocrx_word' id='word_1_146' title='bbox 979 2684 1080 2739; x_wconf 90' lang='lat' dir='ltr'><strong>autem</strong></span> <span class='ocrx_word' id='word_1_147' title='bbox 1096 2675 1186 2740; x_wconf 91' lang='lat' dir='ltr'><strong>Plato</strong></span> 
     </span>
     <span class='ocr_line' id='line_1_21' title="bbox 178 2794 1187 2879; baseline 0.003 -23"><span class='ocrx_word' id='word_1_148' title='bbox 178 2817 234 2857; x_wconf 89' lang='lat' dir='ltr'><strong>sua</strong></span> <span class='ocrx_word' id='word_1_149' title='bbox 257 2795 457 2872; x_wconf 64' lang='lat' dir='ltr'><strong>necantem</strong></span> <span class='ocrx_word' id='word_1_150' title='bbox 474 2795 507 2858; x_wconf 87' lang='lat' dir='ltr'><strong>ei</strong></span> <span class='ocrx_word' id='word_1_151' title='bbox 530 2818 562 2858; x_wconf 90' lang='lat' dir='ltr'><strong>se</strong></span> <span class='ocrx_word' id='word_1_152' title='bbox 585 2796 749 2858; x_wconf 91' lang='lat' dir='ltr'><strong>missurum</strong></span> <span class='ocrx_word' id='word_1_153' title='bbox 773 2794 948 2879; x_wconf 89' lang='lat' dir='ltr'><strong>pollicetur,</strong></span> <span class='ocrx_word' id='word_1_154' title='bbox 973 2795 1121 2879; x_wconf 88' lang='lat' dir='ltr'><strong>promissa</strong></span> <span class='ocrx_word' id='word_1_155' title='bbox 1140 2819 1187 2859; x_wconf 90' lang='lat' dir='ltr'><strong>ar·</strong></span> 
     </span>
     <span class='ocr_line' id='line_1_22' title="bbox 177 2909 1186 2998; baseline 0.002 -22"><span class='ocrx_word' id='word_1_156' title='bbox 177 2912 246 2976; x_wconf 90' lang='lat' dir='ltr'><strong>cani</strong></span> <span class='ocrx_word' id='word_1_157' title='bbox 269 2911 337 2974; x_wconf 89' lang='lat' dir='ltr'><strong>fide.</strong></span> <span class='ocrx_word' id='word_1_158' title='bbox 384 2910 455 2975; x_wconf 93' lang='lat' dir='ltr'><strong>Olet</strong></span> <span class='ocrx_word' id='word_1_159' title='bbox 479 2909 552 2976; x_wconf 89' lang='lat' dir='ltr'><strong>haee</strong></span> <span class='ocrx_word' id='word_1_160' title='bbox 575 2912 704 2996; x_wconf 89' lang='lat' dir='ltr'><strong>epistola</strong></span> <span class='ocrx_word' id='word_1_161' title='bbox 726 2912 897 2998; x_wconf 87' lang='lat' dir='ltr'><strong>lampadem</strong></span> <span class='ocrx_word' id='word_1_162' title='bbox 920 2912 1072 2976; x_wconf 90' lang='lat' dir='ltr'><strong>Platonici</strong></span> <span class='ocrx_word' id='word_1_163' title='bbox 1094 2916 1186 2978; x_wconf 75' lang='lat' dir='ltr'><strong>crada-</strong></span> 
     </span>
     <span class='ocr_line' id='line_1_23' title="bbox 176 3029 341 3111; baseline -0.018 -15"><span class='ocrx_word' id='word_1_164' title='bbox 176 3029 341 3111; x_wconf 74' lang='grc' dir='ltr'><strong>γορίζοντος.</strong></span> 
     </span>
    </p>

    <p class='ocr_par' dir='ltr' id='par_1_4' title="bbox 176 3149 1185 3588">
     <span class='ocr_line' id='line_1_24' title="bbox 221 3149 1185 3236; baseline 0.002 -24"><span class='ocrx_word' id='word_1_165' title='bbox 221 3149 240 3212; x_wconf 89' lang='lat' dir='ltr'><strong>J</strong></span> <span class='ocrx_word' id='word_1_166' title='bbox 242 3171 291 3212; x_wconf 89' lang='lat' dir='ltr'><strong>am</strong></span> <span class='ocrx_word' id='word_1_167' title='bbox 314 3171 432 3212; x_wconf 89' lang='lat' dir='ltr'><strong>summa</strong></span> <span class='ocrx_word' id='word_1_168' title='bbox 455 3171 558 3212; x_wconf 92' lang='lat' dir='ltr'><strong>eornm</strong></span> <span class='ocrx_word' id='word_1_169' title='bbox 575 3171 652 3233; x_wconf 92' lang='lat' dir='ltr'><strong>quae</strong></span> <span class='ocrx_word' id='word_1_170' title='bbox 669 3149 909 3234; x_wconf 87' lang='lat' dir='ltr'><strong>disputavimus,</strong></span> <span class='ocrx_word' id='word_1_171' title='bbox 933 3158 969 3214; x_wconf 92' lang='lat' dir='ltr'><strong>ut</strong></span> <span class='ocrx_word' id='word_1_172' title='bbox 984 3153 1088 3236; x_wconf 90' lang='lat' dir='ltr'><strong>paucis</strong></span> <span class='ocrx_word' id='word_1_173' title='bbox 1105 3173 1185 3214; x_wconf 92' lang='lat' dir='ltr'><strong>com-</strong></span> 
     </span>
     <span class='ocr_line' id='line_1_25' title="bbox 177 3267 1184 3355; baseline 0.002 -23"><span class='ocrx_word' id='word_1_174' title='bbox 177 3268 378 3353; x_wconf 87' lang='lat' dir='ltr'><strong>prehendam,</strong></span> <span class='ocrx_word' id='word_1_175' title='bbox 418 3267 480 3331; x_wconf 91' lang='lat' dir='ltr'><strong>hue</strong></span> <span class='ocrx_word' id='word_1_176' title='bbox 510 3268 598 3331; x_wconf 89' lang='lat' dir='ltr'><strong>redit.</strong></span> <span class='ocrx_word' id='word_1_177' title='bbox 650 3269 902 3352; x_wconf 87' lang='lat' dir='ltr'><strong>Antiquissimam</strong></span> <span class='ocrx_word' id='word_1_178' title='bbox 927 3293 991 3334; x_wconf 89' lang='lat' dir='ltr'><strong>esse</strong></span> <span class='ocrx_word' id='word_1_179' title='bbox 1013 3271 1184 3355; x_wconf 82' lang='lat' dir='ltr'><strong>Epistolam</strong></span> 
     </span>
     <span class='ocr_line' id='line_1_26' title="bbox 177 3385 1182 3473; baseline 0.006 -25"><span class='ocrx_word' id='word_1_180' title='bbox 177 3386 255 3465; x_wconf 89' lang='lat' dir='ltr'><strong>VII,</strong></span> <span class='ocrx_word' id='word_1_181' title='bbox 279 3387 357 3450; x_wconf 88' lang='lat' dir='ltr'><strong>hanc</strong></span> <span class='ocrx_word' id='word_1_182' title='bbox 380 3385 476 3450; x_wconf 90' lang='lat' dir='ltr'><strong>veluti</strong></span> <span class='ocrx_word' id='word_1_183' title='bbox 499 3387 682 3472; x_wconf 87' lang='lat' dir='ltr'><strong>principium</strong></span> <span class='ocrx_word' id='word_1_184' title='bbox 706 3395 736 3451; x_wconf 89' lang='lat' dir='ltr'><strong>et</strong></span> <span class='ocrx_word' id='word_1_185' title='bbox 759 3389 931 3473; x_wconf 84' lang='lat' dir='ltr'><strong>exemplum</strong></span> <span class='ocrx_word' id='word_1_186' title='bbox 950 3390 1044 3453; x_wconf 88' lang='lat' dir='ltr'><strong>fuisse</strong></span> <span class='ocrx_word' id='word_1_187' title='bbox 1060 3391 1167 3454; x_wconf 88' lang='lat' dir='ltr'><strong>ceteris</strong></span> <span class='ocrx_word' id='word_1_188' title='bbox 1173 3417 1182 3469; x_wconf 81' lang='lat'><em>3</em></span> 
     </span>
     <span class='ocr_line' id='line_1_27' title="bbox 176 3481 1184 3588; baseline 0.006 -21"><span class='ocrx_word' id='word_1_189' title='bbox 176 3506 312 3588; x_wconf 85' lang='lat' dir='ltr'><strong>proxime</strong></span> <span class='ocrx_word' id='word_1_190' title='bbox 336 3527 404 3569; x_wconf 84' lang='lat' dir='ltr'><strong>cnm</strong></span> <span class='ocrx_word' id='word_1_191' title='bbox 427 3506 484 3569; x_wconf 90' lang='lat' dir='ltr'><strong>hac</strong></span> <span class='ocrx_word' id='word_1_192' title='bbox 508 3481 666 3570; x_wconf 85' lang='lat' dir='ltr'><strong>cohaerere</strong></span> <span class='ocrx_word' id='word_1_193' title='bbox 693 3506 804 3570; x_wconf 71' lang='lat' dir='ltr'><strong>Vnum</strong></span> <span class='ocrx_word' id='word_1_194' title='bbox 827 3508 865 3571; x_wconf 91' lang='lat' dir='ltr'><strong>ad</strong></span> <span class='ocrx_word' id='word_1_195' title='bbox 888 3510 997 3573; x_wconf 88' lang='lat' dir='ltr'><strong>Dionis</strong></span> <span class='ocrx_word' id='word_1_196' title='bbox 1021 3511 1133 3574; x_wconf 89' lang='lat' dir='ltr'><strong>amieos</strong></span> <span class='ocrx_word' id='word_1_197' title='bbox 1153 3518 1184 3574; x_wconf 90' lang='lat' dir='ltr'><strong>et</strong></span> 
     </span>
    </p>
   </div>
   <div class='ocr_carea' id='block_1_3' title="bbox 141 3596 1183 3952">
    <p class='ocr_par' dir='ltr' id='par_1_5' title="bbox 141 3596 1183 3952">
     <span class='ocr_line' id='line_1_28' title="bbox 141 3596 1183 3713; baseline 0.008 -28"><span class='ocrx_word' id='word_1_198' title='bbox 141 3596 151 3620; x_wconf 50' lang='lat'><em>⁶</em></span> <span class='ocrx_word' id='word_1_199' title='bbox 176 3622 260 3686; x_wconf 67' lang='lat' dir='ltr'><strong>ssiam</strong></span> <span class='ocrx_word' id='word_1_200' title='bbox 284 3624 322 3686; x_wconf 86' lang='lat' dir='ltr'><strong>ad</strong></span> <span class='ocrx_word' id='word_1_201' title='bbox 345 3624 527 3709; x_wconf 84' lang='lat' dir='ltr'><strong>Dionysium</strong></span> <span class='ocrx_word' id='word_1_202' title='bbox 551 3627 695 3711; x_wconf 88' lang='lat' dir='ltr'><strong>scriptas,</strong></span> <span class='ocrx_word' id='word_1_203' title='bbox 720 3633 788 3691; x_wconf 91' lang='lat' dir='ltr'><strong>tum</strong></span> <span class='ocrx_word' id='word_1_204' title='bbox 811 3626 878 3689; x_wconf 75' lang='lat' dir='ltr'><strong>Ham</strong></span> <span class='ocrx_word' id='word_1_205' title='bbox 899 3628 937 3692; x_wconf 91' lang='lat' dir='ltr'><strong>ad</strong></span> <span class='ocrx_word' id='word_1_206' title='bbox 953 3628 1136 3713; x_wconf 89' lang='lat' dir='ltr'><strong>Dionysium</strong></span> <span class='ocrx_word' id='word_1_207' title='bbox 1153 3637 1183 3693; x_wconf 94' lang='lat' dir='ltr'><strong>et</strong></span> 
     </span>
     <span class='ocr_line' id='line_1_29' title="bbox 175 3735 1180 3829; baseline 0.006 -25"><span class='ocrx_word' id='word_1_208' title='bbox 175 3741 254 3804; x_wconf 68' lang='lat' dir='ltr'><strong>IV³²¹n</strong></span> <span class='ocrx_word' id='word_1_209' title='bbox 285 3742 323 3805; x_wconf 92' lang='lat' dir='ltr'><strong>ad</strong></span> <span class='ocrx_word' id='word_1_210' title='bbox 347 3743 495 3822; x_wconf 89' lang='lat' dir='ltr'><strong>Dionem,</strong></span> <span class='ocrx_word' id='word_1_211' title='bbox 520 3735 629 3808; x_wconf 88' lang='lat' dir='ltr'><strong>deinde</strong></span> <span class='ocrx_word' id='word_1_212' title='bbox 653 3745 806 3829; x_wconf 81' lang='lat' dir='ltr'><strong>Epistolas</strong></span> <span class='ocrx_word' id='word_1_213' title='bbox 830 3746 867 3809; x_wconf 94' lang='lat' dir='ltr'><strong>ad</strong></span> <span class='ocrx_word' id='word_1_214' title='bbox 884 3745 1032 3825; x_wconf 89' lang='lat' dir='ltr'><strong>diversos,</strong></span> <span class='ocrx_word' id='word_1_215' title='bbox 1057 3746 1100 3824; x_wconf 81' lang='lat' dir='ltr'><strong>V,</strong></span> <span class='ocrx_word' id='word_1_216' title='bbox 1117 3746 1180 3825; x_wconf 89' lang='lat' dir='ltr'><strong>VI,</strong></span> 
     </span>
     <span class='ocr_line' id='line_1_30' title="bbox 176 3861 1181 3952; baseline 0.007 -29"><span class='ocrx_word' id='word_1_217' title='bbox 176 3861 224 3924; x_wconf 89' lang='lat' dir='ltr'><strong>IX</strong></span> <span class='ocrx_word' id='word_1_218' title='bbox 248 3869 278 3925; x_wconf 91' lang='lat' dir='ltr'><strong>et</strong></span> <span class='ocrx_word' id='word_1_219' title='bbox 301 3861 340 3925; x_wconf 91' lang='lat' dir='ltr'><strong>X.</strong></span> <span class='ocrx_word' id='word_1_220' title='bbox 381 3863 429 3927; x_wconf 90' lang='lat' dir='ltr'><strong>Ab</strong></span> <span class='ocrx_word' id='word_1_221' title='bbox 453 3864 500 3926; x_wconf 90' lang='lat' dir='ltr'><strong>his</strong></span> <span class='ocrx_word' id='word_1_222' title='bbox 524 3864 682 3928; x_wconf 90' lang='lat' dir='ltr'><strong>voluntate</strong></span> <span class='ocrx_word' id='word_1_223' title='bbox 706 3863 865 3928; x_wconf 91' lang='lat' dir='ltr'><strong>dissentire</strong></span> <span class='ocrx_word' id='word_1_224' title='bbox 888 3865 964 3929; x_wconf 91' lang='lat' dir='ltr'><strong>duas</strong></span> <span class='ocrx_word' id='word_1_225' title='bbox 988 3867 1120 3952; x_wconf 90' lang='lat' dir='ltr'><strong>reliquas</strong></span> <span class='ocrx_word' id='word_1_226' title='bbox 1144 3868 1181 3930; x_wconf 89' lang='lat' dir='ltr'><strong>ad</strong></span> 
     </span>
    </p>
   </div>
   <div class='ocr_carea' id='block_1_4' title="bbox 170 3981 1181 4164">
    <p class='ocr_par' dir='ltr' id='par_1_6' title="bbox 170 3981 1181 4164">
     <span class='ocr_line' id='line_1_31' title="bbox 176 3981 1181 4068; baseline 0.007 -25"><span class='ocrx_word' id='word_1_227' title='bbox 176 3981 375 4064; x_wconf 85' lang='lat' dir='ltr'><strong>Dionysium,</strong></span> <span class='ocrx_word' id='word_1_228' title='bbox 399 3982 416 4044; x_wconf 93' lang='grc' dir='ltr'><strong>Ι</strong></span> <span class='ocrx_word' id='word_1_229' title='bbox 440 3990 470 4045; x_wconf 83' lang='grc'><strong>11</strong></span> <span class='ocrx_word' id='word_1_230' title='bbox 493 3981 575 4045; x_wconf 88' lang='lat' dir='ltr'>XIII</span> <span class='ocrx_word' id='word_1_231' title='bbox 583 4009 592 4059; x_wconf 90' lang='lat'>;</span> <span class='ocrx_word' id='word_1_232' title='bbox 617 3983 746 4066; x_wconf 89' lang='lat' dir='ltr'><strong>denique</strong></span> <span class='ocrx_word' id='word_1_233' title='bbox 770 4006 892 4068; x_wconf 87' lang='lat' dir='ltr'><strong>prorsus</strong></span> <span class='ocrx_word' id='word_1_234' title='bbox 916 3985 1034 4068; x_wconf 89' lang='lat' dir='ltr'><strong>ineptas</strong></span> <span class='ocrx_word' id='word_1_235' title='bbox 1054 4008 1117 4049; x_wconf 90' lang='lat' dir='ltr'><strong>esse</strong></span> <span class='ocrx_word' id='word_1_236' title='bbox 1133 3985 1181 4050; x_wconf 88' lang='lat' dir='ltr'><strong>XI</strong></span> 
     </span>
     <span class='ocr_line' id='line_1_32' title="bbox 170 4098 306 4164; baseline -0.015 0"><span class='ocrx_word' id='word_1_237' title='bbox 170 4107 209 4164; x_wconf 85' lang='lat' dir='ltr'><strong>et</strong></span> <span class='ocrx_word' id='word_1_238' title='bbox 231 4098 306 4162; x_wconf 90' lang='lat' dir='ltr'>XII.</span> 
     </span>
    </p>
   </div>
   <div class='ocr_carea' id='block_1_5' title="bbox 0 0 1378 4950">
    <p class='ocr_par' dir='ltr' id='par_1_7' title="bbox 0 0 1378 4950">
     <span class='ocr_line' id='line_1_33' title="bbox 0 0 1378 4950; baseline 0 1"><span class='ocrx_word' id='word_1_239' title='bbox 0 0 1378 4950; x_wconf 95' lang='lat' dir='ltr'><strong> </strong></span> 
     </span>
    </p>
   </div>
  </div>
 </body>
</html>
