2746 4950
667 311 708 371 30

186 514 277 598 idque
301 513 384 578 brevi
408 522 627 600 postmortem
651 515 777 594 Dionis,
801 522 837 578 ut
860 515 976 578 efficere
999 512 1070 579 licet
1096 514 1199 580 exhis

185 633 340 717 Epistulae
371 634 486 711 verbis,
516 657 545 719 p.
570 636 634 697 336
658 634 699 697 B:
723 640 771 699 νῦν
793 635 817 697 δ’
840 634 912 709 ἦπου
935 657 978 704 τις
1002 633 1126 710 δαίμων.
1142 681 1150 698 .
1166 685 1197 700 ..

186 756 286 817 πάντα
308 754 341 818 τὸ
363 752 489 833 δεύτερον
511 753 650 833 ἀνέτρεφέ
672 779 705 818 τε
728 753 776 818 καὶ
792 753 942 817 ἀπώλεσα
960 774 1037 836 quae
1053 751 1093 815 ad
1110 751 1197 817 illius

185 869 306 934 caedem
330 853 476 956 spectant.
523 870 636 935 Rerum
660 879 757 935 status
771 892 807 934 eo
822 879 957 955 tempore
972 871 1004 933 in
1020 869 1129 934 Sicilia
1145 869 1196 935 hic

185 989 253 1052 fuit.
278 988 386 1052 Occiso
399 988 498 1052 Dione
509 1012 527 1052 a
539 987 680 1074 Collippo
693 989 875 1054 Atheniensi
886 991 925 1072 (a.
939 988 973 1052 C.
987 991 1074 1073 353),
1086 1011 1197 1074 respu-

109 1196 113 1203 .
184 1107 264 1171 blica
287 1107 387 1172 denuo
411 1107 562 1171 intestinis
586 1107 745 1171 discordiis
761 1107 967 1185 lacerabatur,
988 1106 1106 1178 civibus
1129 1130 1197 1192 par·

184 1227 240 1291 tim
264 1226 404 1311 Collippo
428 1226 615 1305 faventibus,
636 1227 746 1311 partim
766 1226 913 1312 populare
928 1226 1091 1310 imperinm
1107 1226 1197 1290 resti·

120 1328 122 1336 ⁸
184 1355 269 1409 tuere
291 1344 482 1409 conantibus.
528 1344 612 1408 Foris
634 1344 832 1408 imminebant
855 1343 917 1408 duo
940 1342 1122 1420 adversarii,
1141 1343 1195 1407 Di-

184 1465 308 1548 onysius
332 1472 493 1548 tyrannus,
519 1465 571 1547 qui
595 1463 784 1546 aliquamdiu
807 1463 938 1526 Thurios
962 1485 992 1525 se
1016 1470 1193 1548 receperat,

185 1591 214 1645 et
249 1583 356 1646 Dionis
392 1583 483 1645 frater
518 1581 724 1666 Hipparinus‚
760 1604 890 1665 quorum
927 1590 1053 1664 uterque
1082 1581 1195 1646 urbem
1238 1558 1240 1563 Ι

184 1727 357 1789 expugnare
377 1711 407 1766 et
427 1702 587 1786 tyrannide
599 1702 691 1787 potiri
704 1702 879 1766 conabatur.
914 1702 951 1765 In
964 1702 1082 1765 difficili
1095 1703 1195 1786 igitur

184 1823 241 1886 hoc
272 1845 371 1885 rerum
404 1830 486 1885 statu
515 1821 623 1885 Dionis
658 1822 747 1885 amici
778 1820 816 1883 ad
840 1821 958 1884 consilii
981 1821 1116 1904 inopiam
1142 1820 1194 1884 ad·

184 1941 268 2005 ducti
292 1964 345 2025 per
368 1940 470 2003 literas
493 1939 714 2004 consuluerunt
734 1939 910 2014 Platonem,
939 1961 1102 2022 quamnam
1119 1941 1193 2003 civi·

183 2061 254 2124 tatis
293 2059 445 2144 pacandae
480 2068 510 2122 et
543 2058 729 2142 reipublicae
759 2056 944 2120 ordinandae
973 2059 1050 2120 viam
1079 2059 1192 2123 init-uri

183 2188 290 2243 essent.
337 2176 459 2258 Quibus
483 2176 539 2239 hac
562 2176 690 2260 epistola
713 2175 923 2259 respondetur.

227 2296 331 2359 Dividi
362 2303 462 2381 potest
493 2294 620 2380 epistola
650 2295 682 2357 in
713 2301 773 2357 tres
804 2302 921 2378 partes,
953 2315 1082 2376 quarum
1114 2294 1193 2358 fines

183 2439 200 2479 a
223 2416 369 2501 scriptore
392 2414 534 2478 distincte
556 2413 739 2477 indicantur.

227 2533 329 2597 Prima
351 2556 436 2618 pars,
461 2557 490 2618 p.
509 2535 572 2595 323
596 2532 731 2595 E-aao
749 2530 789 2609 Ο,
806 2533 941 2594 continet
957 2529 1191 2615 explicationem

182 2674 341 2716 cansarum
365 2673 419 2714 cur
443 2650 529 2714 Plato
552 2651 584 2714 in
607 2649 728 2713 Italiam
752 2657 783 2712 et
805 2647 939 2712 Siciliam
959 2649 1112 2733 profectus
1129 2649 1189 2727 sit,

182 2780 212 2834 et
239 2769 441 2833 narrationem
465 2769 554 2854 primi
578 2776 608 2831 et
631 2767 755 2832 secundi
778 2766 843 2831 eius
867 2766 1014 2830 adventus
1035 2767 1067 2829 in
1084 2759 1189 2831 aulam

182 2889 409 2974 Dionysiorum.

227 3009 331 3072 Altera
354 3030 438 3092 pars,
462 3030 492 3091 p.
517 3009 580 3069 330
605 3006 742 3070 1)-337
768 3005 809 3082 Ε,
839 3012 973 3067 versatur
995 3005 1027 3066 in
1050 3005 1189 3069 consiliis

182 3126 289 3190 dandis
314 3135 344 3189 et
366 3126 398 3188 in
422 3123 613 3209 exponendo,
638 3123 750 3207 quihus
773 3122 942 3197 rationibus
970 3121 1188 3206 Syracusarum

181 3246 286 3310 civitas
311 3244 421 3307 servari
445 3252 475 3306 et
498 3243 612 3328 optime
636 3242 767 3305 ordinari
792 3241 896 3326 possit.

225 3363 327 3426 Tertia
351 3384 436 3446 pars,
461 3385 490 3446 p.
515 3365 577 3426 337
603 3361 629 3423 Ε
653 3361 690 3424 ad
714 3361 821 3438 furam,
852 3362 884 3424 in
908 3358 1075 3422 enarranda
1096 3360 1188 3423 tertia

181 3482 366 3567 profectione
396 3481 435 3544 ‘ad
466 3480 665 3565 Dionysium,
698 3481 729 3543 in
760 3480 881 3564 tyranni
911 3478 1013 3542 indole
1037 3488 1067 3542 et
1089 3479 1188 3563 philo-

180 3601 303 3686 sophiae
320 3600 422 3665 studio
439 3599 654 3677 describendo,
676 3599 751 3662 etin
762 3598 965 3662 memorandis
977 3597 1096 3662 casibus
1109 3620 1187 3682 quos

181 3720 270 3783 Plato
295 3719 336 3783 ibi
361 3727 502 3803 expertus
526 3726 604 3782 esset
634 3740 731 3800 usqne
755 3716 793 3780 ad
817 3716 950 3780 reditum
974 3716 1006 3779 in
1030 3716 1170 3800 patriam.

224 3838 420 3922 Singulorum
435 3837 557 3901 illarum
573 3837 706 3921 partium
722 3843 936 3920 argumentum
953 3835 1083 3900 breviter
1095 3858 1185 3920 expo·

180 3979 266 4032 nam,
294 3979 354 4038 quo
378 3955 496 4019 facilius
520 3956 559 4018 sit
582 3956 678 4018 totius
703 3953 846 4038 epistolae
871 3953 1006 4016 ordinem
1031 3962 1061 4016 ct
1083 3977 1185 4018 rerum

180 4075 387 4137 tractationem
409 4073 554 4158 judicare.
