2746 4950
648 321 712 407 ,rao

178 555 226 605 νης
244 528 451 607 perentam·
467 526 536 606 ἐμὲ,
560 526 659 591 Δι’ωννι
681 526 841 606 δ’ἐπισχεῖν
864 525 905 591 ἔτι
928 526 1059 591 ε’νινιντὸν
1084 526 1194 602 ἐδεῖτο,

178 649 230 725 ἐμὲ
246 648 269 712 δ’
285 646 359 723 ἥκειν
374 649 406 711 ἐκ
421 645 530 717 παντὸς
546 646 650 725 τρόπου
667 644 753 720 ἠξίου.
774 643 821 708 01.
834 644 891 729 Ep.
905 643 967 722 HI,
980 668 1009 730 p.
1023 647 1093 711 317
1110 645 1192 708 AB:

179 766 212 831 τὸ
234 767 263 829 δὲ
285 765 423 846 δεύτερον,
442 764 547 841 εἰρήνης
572 763 742 840 γενομένης,
770 761 884 835 ἐκάλεις
907 789 946 840 με
968 765 1001 828 οὐ
1024 764 1113 828 κατὰ
1136 764 1194 834 πρὶς

179 884 354 962 ὁμολογίης,
377 883 460 946 datia
484 883 566 960 μόνον
593 880 668 955 η’κειν
689 879 882 958 ἐπέστελλες,
907 881 1006 945 Δίωνα
1027 881 1194 953 δἐἶπινῐιδις

179 1003 293 1084 ἔφησθνι
321 1002 599 1079 μεταπέμψασθαι·
630 1001 677 1064 διὰ
707 1003 797 1065 ταῦτ’
826 1002 876 1065 οὐκ
906 997 1002 1077 ἦλθον,
1029 1001 1120 1066 ἀλλὰ
1143 1003 1193 1066 καὶ

180 1122 265 1186 Διίινι
298 1120 360 1185 τότ’
381 1119 575 1198 ἀπηχθόμην,
607 1117 675 1200 ᾤετο
705 1118 763 1198 γὰρ
786 1115 857 1183 εἷννιι
880 1118 995 1195 βέλτιον
1018 1121 1119 1184 ἐλθεῖν
1142 1122 1194 1198 ἐμὲ

179 1238 228 1303 καὶ
252 1237 417 1302 tremeret
434 1261 494 1302 σοι.
517 1238 550 1302 τὸ
574 1238 603 1300 δὲ
623 1237 703 1314 μετὰ
719 1238 800 1301 ταῦθ’
816 1235 927 1317 ὕστερον
943 1238 1064 1318 ἕνινννπῷ
1082 1240 1194 1319 τριήρης

180 1358 304 1438 ἄφίκετο
330 1355 379 1419 aa}
404 1348 556 1420 ἐπιστολνι1
588 1356 671 1435 παρὰ
704 1362 753 1420 σοῦ
783 1356 841 1420 κπὲ.
886 1355 974 1418 Plato
997 1355 1116 1440 igitur,
1142 1356 1196 1420 diu

180 1475 412 1559 tergiversatus,
432 1473 555 1538 tandem
571 1496 651 1537 anno
674 1472 774 1558 elapso
798 1472 921 1557 (ὕστερον
941 1474 1091 1558 ἐνιαυτῷ),
1110 1498 1196 1539 oran-

181 1595 263 1659 tibus
287 1604 317 1657 et
342 1594 536 1658 hortantibus
561 1594 683 1671 amicis,
708 1594 860 1657 triremem
883 1616 900 1657 a
922 1593 1073 1678 Dionysio
1101 1595 1195 1657 Athe-

181 1737 235 1777 nas
274 1713 407 1795 missam·
435 1712 612 1777 conscendit
648 1721 678 1774 et
709 1712 798 1775 tertio
830 1711 992 1796 Syracusas
1024 1714 1194 1797 navigavit.

181 1832 230 1896 Ibi
254 1855 349 1916 quum
373 1840 536 1917 tyrannum
552 1831 747 1895 reconciliare
763 1831 856 1894 Dioni
872 1831 985 1895 frustra
1000 1832 1195 1909 studuisset,

184 1951 371 2034 aliquamdiu
403 1974 421 2014 a
447 1951 594 2035 Dionysio
618 1957 754 2013 retentus
785 1957 815 2012 et
842 1950 960 2027 elusus,
985 1950 1115 2014 tandem
1141 1954 1194 2014 Ar-

184 2069 291 2154 chytae
319 2070 533 2132 intercessione
556 2069 699 2131 dimissus
723 2075 777 2132 cst.
824 2068 901 2131 Inde
924 2067 1019 2130 redux
1043 2069 1076 2131 in
1104 2069 1196 2133 Grae-

183 2188 259 2252 ciam
287 2187 368 2251 ludis
393 2186 545 2272 Olympiis
572 2187 713 2254 convenit
736 2186 881 2264 Dionem,
906 2186 1021 2250 bellum
1046 2187 1194 2252 adversus

183 2306 363 2391 Dionysium
388 2306 572 2369 molientem.
590 2307 611 2390 ¹)
646 2304 724 2367 Sunt
748 2304 781 2367 hi
804 2303 869 2367 ludi
893 2305 1026 2368 ineuntis
1043 2304 1095 2369 Ol.
1119 2310 1193 2384 105,

183 2424 332 2508 siquidem
361 2431 430 2487 ante
453 2424 576 2486 initium
600 2423 752 2506 proximae
776 2421 965 2507 Olympiadis
988 2422 1049 2485 Dio
1073 2424 1193 2490 bellum

182 2542 257 2607 tulit
291 2543 322 2604 in
353 2542 497 2605 Siciliam.
551 2540 630 2604 (lum
669 2563 730 2624 quo
770 2550 904 2625 tempore
942 2542 1077 2605 concinit
1111 2545 1196 2627 quod

182 2661 385 2739 Plutarchus,
410 2661 501 2724 Dion.
526 2683 552 2724 a.
579 2663 637 2737 19,
662 2667 781 2736 narrat,
807 2680 901 2743 quum
922 2660 1009 2723 Plato
1025 2660 1195 2744 Syracusas

182 2780 326 2856 venisset,
350 2779 546 2857 Heliconem,
565 2801 658 2841 unum
676 2801 712 2840 ex
728 2777 793 2840 eius
810 2778 1022 2855 familiaribus,
1049 2755 1196 2845 defectio·

183 2919 251 2961 nem
274 2896 346 2959 solis
369 2896 567 2981 praedixisse,
592 2918 670 2978 quae
692 2917 763 2958 mox
779 2904 940 2958 consecuta
958 2905 1012 2958 est.
1048 2896 1194 2963 Deiectio

183 3018 241 3079 ista
263 3014 345 3078 cadit
367 3015 399 3078 in
418 3013 468 3078 Ol.
487 3017 568 3092 104,
585 3017 621 3091 4,
646 3037 672 3076 a.
691 3037 721 3077 a.
738 3011 772 3076 C.
790 3016 869 3090 361,
892 3035 987 3096 quum
1003 3013 1095 3078 Plato
1113 3026 1196 3080 esset

180 3137 244 3222 jam
270 3158 364 3219 paene
387 3134 646 3219 septuagenarius.
660 3133 683 3216 ²)
728 3132 778 3196 Sic
801 3133 934 3216 quidem.
947 3133 1096 3197 itinerum
1120 3144 1199 3200 tem·

185 3276 258 3338 pora
281 3253 313 3316 iu
337 3253 464 3337 epistola
487 3252 621 3315 indicata
643 3273 713 3313 cum
730 3251 837 3314 ceteris
854 3250 975 3313 indiciis
991 3252 1197 3318 conveniunt.

227 3372 297 3436 Tria
312 3372 365 3435 illa
380 3371 517 3435 Platonis
539 3371 650 3434 itinera
671 3369 776 3433 ordine
793 3379 1069 3433 commemorantur
1085 3395 1104 3434 a
1120 3372 1198 3437 Dio

184 3513 258 3575 gene
280 3491 420 3568 Laertio,
444 3490 498 3554 lib.
522 3488 587 3567 HI,
611 3491 628 3574 ᾧ
654 3490 798 3551 18-23:
824 3489 893 3569 Τρὶις
914 3489 943 3552 δὲ
966 3488 1136 3555 πέπλευκεν
1157 3495 1199 3565 εἷς

187 3686 353 3697 -ι--ι-ι-

359 3702 365 3741 1

216 3821 241 3881 1)
259 3819 293 3868 De
316 3823 436 3869 conventu
461 3817 505 3867 hoc
528 3822 556 3867 ut
577 3817 724 3867 memorabili
751 3817 812 3865 laeto
835 3816 930 3866 disertio
948 3817 1025 3866 verbis
1041 3822 1199 3874 mentionem

185 3916 243 3965 fecit
259 3915 380 3965 Neanther
397 3915 541 3979 Cyzicenus,
559 3915 620 3979 apud
637 3913 771 3970 Laertium,
792 3913 845 3970 lll,
864 3912 903 3960 25.

124 4023 127 4031 '
215 4010 241 4072 2)
258 4010 340 4060 Barth.
358 4010 418 4074 Voy.
435 4010 467 4059 du
482 4009 553 4072 jeune
570 4009 661 4059 Anach.
678 4009 746 4072 chap.
764 4008 794 4055 33
813 4013 880 4066 note,
898 4007 938 4071 qui
950 4008 1072 4071 redarguit
1085 4027 1198 4063 errorem

184 4106 286 4156 Coruini.
