2746 4950
639 354 703 415 228

172 568 283 654 reperit
302 569 365 653 jam
389 571 595 630 senescentem
618 569 649 625 et
672 583 689 624 a
713 558 863 645 prioribus
899 555 1035 621 ducibus
1065 577 1188 639 corrup

172 696 256 765 tum,
281 695 317 750 ut
332 685 427 771 ipsius
451 680 584 747 consiliis
609 701 710 743 aurem
735 677 877 763 praebere
899 674 1031 739 nollet.''
1069 673 1184 738 Eodem

174 813 313 891 spectent
332 826 410 888 quae
433 803 465 867 in
488 802 545 864 hac
568 801 635 885 ipsa
656 797 796 884 Epistola
818 797 979 880 leguntur,
1004 817 1038 880 p.
1056 797 1122 858 330
1140 793 1183 868 D,

173 924 300 989 consilia
329 944 392 986 nou
421 919 522 984 danda
545 941 608 982 esse
632 939 686 981 nec
710 917 835 1001 privatis
862 912 1042 978 hominibus
1067 935 1123 977 neo
1146 914 1182 977 ci·

160 1043 338 1120 nitatibus,
364 1041 422 1106 nisi
449 1038 557 1124 dignos
580 1038 617 1101 iis
641 1059 672 1100 se
695 1035 859 1121 praebeant
881 1034 980 1118 iisque
1001 1055 1120 1097 morem
1137 1055 1182 1116 ge·

174 1184 238 1227 rere
262 1185 293 1225 se
315 1160 392 1224 velle
415 1159 586 1223 ostendant.
617 1155 683 1220 Nec
706 1178 768 1220 non
791 1177 827 1218 ea
849 1175 926 1238 quae
940 1154 974 1217 in
987 1151 1181 1237 EpistolalX

174 1280 263 1345 Plato
286 1279 324 1343 ad
349 1278 515 1362 Archytam
538 1275 672 1339 scribens
696 1273 868 1350 inducitur,
893 1273 1007 1358 p.·358
1024 1273 1073 1349 A,
1091 1294 1180 1355 quum

175 1419 244 1463 eum
275 1397 416 1460 hortatur
443 1417 482 1458 ue
511 1394 544 1458 in
571 1391 755 1480 capessenda
784 1389 940 1476 republica
969 1391 1109 1454 animum
1136 1389 1182 1453 de

175 1515 340 1602 spondeat,
376 1514 518 1599 quoniam
553 1534 616 1576 non
646 1511 734 1575 nobis
761 1510 861 1575 solum
886 1509 952 1574 nati
980 1509 1096 1589 simuS‚
1132 1509 1181 1574 sed

176 1641 291 1721 partem
323 1633 420 1697 nostri
443 1632 549 1708 amici,
574 1639 689 1714 partem
725 1637 880 1714 parentes,
915 1637 1034 1714 partem
1063 1651 1183 1714 quoque

176 1754 274 1841 patria
309 1753 368 1817 sibi
404 1750 539 1815 vindicet
545 1776 555 1828 ;
587 1748 688 1828 addit,
727 1749 825 1813 multa
862 1755 963 1812 tamen
1002 1749 1138 1832 pendere
1168 1771 1186 1812 a

177 1875 327 1958 cuiusque
360 1872 440 1936 vitae
472 1870 677 1956 temporibus:
712 1869 812 1934 πολλοὶ
842 1868 871 1932 a
900 1869 949 1933 καὶ
985 1877 1045 1941 τοῖς
1082 1875 1186 1950 καιροῖς

177 1993 284 2059 δίδοται
315 1998 373 2062 τοῖς
403 1991 452 2055 τὸν
480 1990 544 2068 βίου
572 1992 650 2066 ἡμῶν
673 1987 972 2065 καταλαμβαυουυιυι
998 2009 1081 2070 quae
1105 1987 1186 2051 haud

179 2112 307 2177 obscure
337 2116 476 2195 spectant
507 2106 545 2171 ad
576 2115 713 2193 tempora
736 2128 813 2191 quae
837 2105 895 2170 sibi
918 2105 1067 2189 obtigisse
1092 2108 1189 2192 philo

182 2229 298 2315 sophus
321 2229 409 2292 initio
433 2226 589 2312 Epistulae
612 2225 677 2290 VII
700 2224 814 2289 scribit.

225 2465 331 2551 Longe
354 2487 424 2529 vero
447 2465 577 2529 maxima
601 2463 745 2549 epistolae
770 2486 838 2550 pars
859 2463 987 2528 refertur
1010 2463 1049 2526 ad
1066 2464 1189 2529 itinera.

182 2585 326 2652 Ostendit
355 2606 387 2648 se
417 2584 549 2669 primum
580 2584 613 2648 in
643 2583 765 2648 ltaliam
795 2584 964 2669 profectum
995 2605 1061 2646 esse
1087 2583 1190 2648 taedio

181 2707 284 2791 legum
307 2711 338 2768 et
359 2725 479 2768 morum
502 2702 650 2781 civitatis3
674 2703 761 2782 iude,
785 2726 847 2767 non
870 2702 1010 2780 oonsilio,
1035 2703 1091 2766 sed
1111 2703 1191 2768 forte

182 2826 215 2890 in
245 2823 387 2908 Dionysii
416 2823 517 2887 aulam
540 2820 676 2886 delatum
700 2823 733 2886 in
757 2822 895 2886 notitiam
919 2822 1036 2886 venisse
1059 2822 1192 2899 Dionis;

181 2944 293 3008 iterum
314 2942 406 3006 huius
422 2941 547 3006 hortatu
563 2963 594 3004 se
609 2941 683 3004 illuc
699 2941 869 3027 profectum
882 2962 945 3005 esse
957 2941 1111 3006 invitante
1124 2943 1193 3028 ipso

186 3061 352 3146 Dionysio,
372 3067 410 3125 ut
432 3061 459 3124 ei
481 3060 618 3144 injiceret
641 3059 793 3136 ἐπιθυμίαν
811 3065 862 3125 τοῦ
880 3060 1040 3124 καλλίστου
1059 3062 1112 3126 καὶ
1133 3061 1195 3140 οἱοί-

187 3205 256 3247 στου
286 3179 351 3267 βίου
389 3185 420 3243 et
445 3179 490 3243 ita
511 3175 669 3263 Syracusis
693 3201 727 3242 ac
750 3179 809 3242 toti
832 3178 952 3243 Siciliae
975 3178 1069 3242 saluti
1094 3188 1194 3258 esset;

188 3296 278 3362 tertio
302 3296 449 3379 denique,
474 3303 509 3360 ut
524 3295 656 3360 Dionem
676 3295 867 3384 „exsulantem
892 3304 1020 3382 tyranno
1036 3298 1196 3363 reconcili-

189 3425 253 3483 aret
275 3424 322 3495 et,
347 3415 429 3500 quod
453 3423 542 3481 antea
563 3417 677 3480 frustra
695 3423 859 3494 tentasset,
885 3438 953 3480 eum
979 3416 1196 3502 philosophiae

189 3535 276 3600 cultu
299 3535 452 3599 formaret.
476 3533 534 3598 His
554 3534 740 3620 exponendis
755 3535 885 3619 scriptor
899 3533 1034 3598 ostendit
1050 3542 1080 3598 et
1095 3536 1196 3620 justas

189 3655 247 3719 sibi
270 3675 305 3718 ac
327 3676 431 3738 graves
454 3653 548 3718 fuisse
574 3676 680 3718 causas
703 3653 865 3738 Syracusas
888 3653 1100 3738 proficiscendi
1118 3655 1196 3719 etin

190 3772 370 3837 commercio
400 3794 469 3836 cum
499 3770 646 3858 Dionysio
678 3780 709 3835 et
739 3773 837 3837 Dione
867 3772 945 3836 nihil
981 3795 1012 3835 se
1042 3781 1196 3856 spectasse

190 3893 249 3957 nisi
265 3890 348 3976 quod
372 3898 402 3955 et
432 3890 582 3956 amicitiae
612 3892 744 3956 officinm
774 3901 804 3955 et
827 3891 1037 3977 philosophiae
1061 3890 1196 3976 dignitas

191 4010 391 4097 postularent.
420 4009 488 4074 Hoc
511 4011 638 4075 consilio
661 4011 863 4075 narrationem
886 4010 969 4073 illam
993 4010 1194 4096 conscriptam

191 4154 255 4197 esse
278 4130 345 4216 ipsa
367 4127 522 4213 Epistolae
544 4130 635 4195 verba
657 4131 766 4215 passim
791 4128 873 4193 haud
897 4128 1023 4193 obscure
1046 4128 1193 4194 indicant.
