2746 4950
647 308 707 369 141

176 528 244 576 arae
274 514 322 578 aa>
353 513 500 591 ἐδῶαεσκε,
521 513 568 577 διὰ
589 513 696 577 τούτων
718 514 770 587 τὴν
792 514 944 594 reparanda
966 515 1021 588 τὴν
1046 515 1187 580 Διονυσίου

176 631 345 697 κατέλυσεν.
391 631 451 694 Hic
481 654 576 716 quum
605 631 681 694 dicit
703 632 878 708 κατήγαγεν
900 632 941 702 εἰς
965 633 1125 706 Σικελίαν,
1148 655 1188 696 rc-

178 751 278 826 dacit,
308 750 340 813 id
371 749 604 834 intelligendum
636 772 699 813 nou
722 749 759 814 de
783 751 934 835 praesenti
957 750 1088 834 quidem
1110 753 1189 815 auxi-

177 867 235 946 lio,
257 875 390 932 attamen
413 867 450 932 de
474 868 610 932 consilio.
658 868 775 932 Harum
798 869 1007 932 narrationum
1033 878 1106 934 utra
1121 893 1186 934 cum

178 990 315 1055 Platonis
345 990 445 1053 animo
472 997 503 1052 et
524 997 626 1053 mente
649 989 744 1073 magis
768 989 913 1073 quadret,
937 989 1056 1074 ambigi
1080 998 1187 1075 potest.

223 1110 379 1173 Postremo
417 1117 671 1173 commemoratur
693 1109 801 1172 Dionis
833 1109 955 1186 caedes,
988 1109 1028 1172 de
1061 1117 1189 1194 quaest

178 1229 281 1312 aliqua
311 1229 390 1291 inter
420 1228 580 1312 scriptores
611 1226 831 1313 discrepantia,
863 1249 941 1311 quae
969 1235 1076 1292 tamen
1104 1228 1188 1292 facile

178 1347 320 1432 explicari
352 1354 461 1430 potest.
509 1323 684 1409 Secundum
714 1345 882 1430 Epistolam
915 1345 1016 1409 caedis
1050 1354 1188 1411 auctores

179 1467 304 1530 fuerunt
326 1465 447 1548 ἄδὲλφω
471 1464 535 1542 δύο,
560 1464 668 1528 Dionis
692 1463 809 1527 sodales
834 1472 864 1527 et
884 1464 1038 1548 hospites,
1058 1467 1189 1550 quisue

179 1596 252 1652 runt
275 1582 327 1651 οἷον
352 1591 402 1650 τοῦ
426 1585 514 1666 Φάνου
539 1588 707 1664 αὐτοχεῖρες
730 1585 771 1668 (p.
796 1586 859 1647 333
884 1583 926 1661 C,
951 1587 1017 1647 334
1042 1587 1095 1670 A).
1131 1585 1190 1649 No

179 1707 261 1770 mina
292 1726 353 1768 non
376 1711 534 1768 memorat.
581 1703 778 1780 Plutarchus,
803 1703 911 1786 quiin
934 1703 1019 1766 omni
1042 1704 1104 1768 hac
1127 1727 1190 1768 nar-

179 1826 296 1889 ratione
334 1822 542 1899 Timonidem,
577 1821 686 1884 Dionis
716 1821 893 1884 familiarem
924 1828 955 1884 et
985 1821 1190 1906 expeditionis

181 1943 311 2016 socium,
337 1941 491 2024 sequitur,
516 1962 613 2003 unum
636 1939 772 2002 nominat
792 1938 933 2002 facinoris
950 1947 1111 2004 auctorem
1127 1940 1190 2004 Cal·

181 2062 300 2146 lippum
331 2058 550 2122 Atheniensem
583 2058 620 2140 (c.
654 2058 716 2142 54).
763 2056 842 2120 Cum
872 2058 930 2121 hoc
961 2067 1068 2122 omnes
1102 2061 1192 2144 scrip

181 2189 261 2244 tores
286 2177 497 2254 consentiunt,
523 2183 647 2261 excepto
669 2175 808 2260 Nepote,
833 2177 979 2259 quicum
995 2176 1191 2242 Callicratem

181 2298 318 2362 nominat
341 2304 372 2359 et
395 2295 566 2382 adjutorem
590 2297 617 2359 ei
641 2296 781 2382 adjungit
803 2296 926 2360 fratrem
950 2296 1192 2375 Philostratum,

182 2417 235 2502 qui
258 2417 290 2479 in
314 2415 529 2499 Syracusarum
554 2422 644 2499 portu
668 2437 738 2478 curn
758 2415 872 2478 triremi
887 2414 1028 2478 facinoris
1045 2427 1193 2484 eventum

176 2567 177 2571 ¹
185 2535 422 2623 praestolaretur
450 2536 487 2618 (c.
521 2535 539 2595 3
568 2540 597 2597 et
621 2537 639 2596 9
663 2536 680 2618 p
705 2537 740 2611 l;
775 2533 813 2597 cf.
837 2533 1013 2619 Nipperdey
1038 2535 1077 2599 ad
1103 2537 1136 2601 h.
1160 2538 1192 2624 1).

184 2655 261 2720 Inde
296 2653 437 2737 colligere
468 2651 557 2729 licet,
590 2651 742 2737 Nepotem
766 2653 797 2716 in
821 2653 942 2717 nomine
961 2676 1120 2738 peccasse,
1149 2680 1192 2722 er·

186 2797 252 2838 rore
275 2780 347 2836 nato
370 2772 497 2834 fortasse
520 2794 536 2834 e
560 2771 726 2856 scripturae
749 2772 944 2856 compendio,
969 2794 1030 2856 qno
1046 2774 1079 2837 iu
1097 2777 1196 2840 nomi-

186 2916 260 2957 num
283 2891 475 2977 propriorum
499 2890 712 2954 terminatione
736 2913 823 2975 saepe
846 2892 962 2977 peccari
986 2892 1126 2958 solitum.
1144 2897 1167 2980 ¹)

230 3086 280 3149 Ita
314 3084 496 3169 perlustrata
519 3083 659 3168 epistola,
684 3091 809 3168 apparet
831 3083 908 3147 nihil
931 3084 993 3147 fere
1015 3085 1048 3148 in
1071 3108 1109 3149 ea
1133 3087 1195 3172 legi

187 3204 269 3290 qnod
292 3226 353 3268 non
377 3204 497 3289 plenius
520 3210 551 3266 et
574 3203 744 3266 accuratius
768 3202 806 3266 ab
829 3202 896 3266 aliis
919 3203 1071 3267 historicis
1091 3207 1196 3289 prodi·

185 3333 252 3414 tum
280 3323 388 3400 fuerit;
412 3331 563 3399 ceterum,
591 3344 668 3404 quae
692 3321 730 3384 ad
752 3321 861 3384 itinera
876 3344 1041 3406 eorumque
1053 3331 1195 3410 tempora

186 3444 355 3528 pertinent,
376 3441 519 3527 pleraque
532 3448 614 3504 recte
627 3441 802 3525 scriptorem
816 3441 972 3519 retulisse,
986 3442 1017 3503 in
1029 3442 1124 3506 rebus
1143 3469 1196 3509 au·

186 3570 247 3627 tem
262 3561 443 3646 Dionysium
460 3567 490 3622 et
503 3559 633 3623 Dionem
650 3559 856 3644 spectantibus
872 3560 972 3623 minus
986 3582 1049 3623 esse
1062 3561 1196 3648 diligen-

187 3690 245 3746 tem
252 3709 261 3760 3
293 3679 441 3745 nonnulla
478 3701 555 3762 quae
587 3678 624 3741 ad
648 3701 711 3742 rem
736 3677 927 3762 pertinebant
950 3678 1104 3757 omisisse,
1132 3682 1196 3746 alia

187 3800 325 3886 augendo
340 3798 543 3862 minuendove
559 3799 744 3862 immutasse.
776 3797 814 3861 Id
830 3807 931 3862 autem
946 3798 1051 3862 fecisse
1068 3800 1196 3865 videt-ur

221 4010 244 4069 1)
261 4010 343 4059 Simile
360 4016 483 4088 peccatam
500 4011 583 4060 notavi
601 4027 671 4076 snpra
688 4028 710 4074 p.
724 4013 765 4069 13,
779 4013 802 4060 in
818 3981 976 4082 ‘'rpmaaapa
985 4017 1009 4061 et
1017 4012 1194 4084 Ἀριστόδημος.

189 4121 212 4168 p.
230 4105 289 4164 136,
308 4112 358 4158 not.
377 4108 406 4166 l,
424 4107 447 4155 in
465 4109 590 4165 Φιλιστίδης
609 4111 633 4156 et
651 4110 759 4164 Φίλιστος.
