2746 4950
656 332 716 394 loa

179 541 269 606 datur
291 540 363 625 (vid.
384 561 476 625 supra
495 562 524 624 p.
547 541 640 625 129),
661 545 791 623 utroque
809 547 945 626 tempore
957 540 1183 629 Speusippum,

178 661 231 744 qui
256 660 416 724 Platonem
440 659 472 722 in
495 657 630 723 Siciliam
653 659 814 723 comitatus
838 667 919 739 erat,
943 662 1077 727 Athenis
1093 664 1184 728 fuisse

177 779 280 863 ibique
310 777 418 841 Dionis
448 777 654 841 familiaritate
685 799 775 840 usum
807 800 871 842 essa
902 802 919 843 e
945 779 1117 847 Plutarcho
1145 783 1185 847 di·

178 897 307 974 scimus,
331 896 422 960 Dion.
451 917 477 959 c.
503 897 540 960 17
568 903 599 959 et
623 897 674 958 22.
703 892 805 975 Quare
828 897 936 961 merito
959 897 1020 962 hoc
1044 900 1127 965 inter
1148 926 1185 966 aa

177 1016 253 1088 telae
287 1015 399 1079 indicia
431 1013 524 1078 habet
559 1013 747 1098 Wiegandus
779 1015 821 1098 (in
852 1015 905 1080 lib.
930 1039 1025 1102 supra
1044 1020 1131 1084 laud.
1157 1044 1184 1105 p.

178 1137 249 1219 30),
281 1142 435 1197 auctorem
459 1139 580 1196 secutus
605 1131 648 1195 M.
674 1132 712 1195 A.
745 1131 884 1211 Fischer,
913 1134 995 1199 Dias.
1025 1135 1064 1200 de
1091 1137 1185 1223 Speu-

51 1276 53 1279 ·
177 1253 258 1338 sippi
279 1252 342 1316 rita
363 1259 393 1316 et
416 1252 544 1336 scriptis.
587 1249 712 1314 Rastad.
740 1253 835 1340 1845,

222 1369 260 1437 In
291 1370 429 1457 Epistola
457 1369 557 1448 XIH,
589 1393 619 1454 p.
653 1372 716 1434 361
741 1369 781 1448 O,
811 1372 925 1435 mentio
951 1372 987 1435 fit
1009 1372 1050 1437 de
1074 1396 1186 1439 corona

177 1491 299 1556 Platoni
322 1489 440 1573 oblata,
465 1488 517 1553 scd
534 1489 571 1553 ab
588 1511 622 1552 co
639 1497 755 1574 spreta:
780 1467 834 1554 alal
857 1515 905 1567 μοι
916 1491 1081 1572 ἀδελφιδῶν
1094 1497 1183 1572 θυγα-

177 1610 253 1691 τέρες
281 1615 335 1674 τῶν
358 1611 554 1673 ἀποθανουσῶν
583 1607 641 1672 rc'l'
664 1607 705 1672 ὅτ’
728 1608 785 1684 ἐγὼ
807 1610 857 1672 οὐκ
879 1610 1123 1694 ἐστεφανούμην,
1149 1614 1184 1677 σύ

177 1729 252 1813 (scil.
284 1727 461 1811 Dionysius)
491 1726 514 1791 δ’
534 1726 677 1804 ἐκέλευες,
707 1725 737 1789 h.
767 1748 793 1789 e.
817 1748 848 1790 co
870 1749 946 1790 anuo
968 1749 1024 1811 quc
1049 1732 1184 1794 coronari

177 1871 220 1911 mc
246 1869 302 1911 aon
323 1869 431 1929 paccata
456 1868 536 1928 aum,
568 1846 624 1909 etri
654 1851 688 1909 tc
715 1846 885 1910 mamam.
932 1845 1044 1910 Mortis
1069 1850 1185 1934 puella-

177 1989 244 2030 rum
260 1974 380 2049 tempus
396 1964 548 2048 designat,
567 1987 629 2027 non
645 1965 709 2028 sine
721 1964 894 2041 ambitione,
908 1963 1011 2028 oblato
1022 1966 1086 2050 ipsi
1099 1990 1183 2052 prae·

178 2084 256 2161 mio;
291 2083 380 2166 quale
403 2089 504 2147 autern
528 2081 559 2146 id
582 2083 674 2145 fuerit
696 2105 758 2146 non
781 2081 883 2160 addit3
908 2081 961 2146 sed
984 2083 1047 2146 sive
1072 2085 1184 2149 intelli·

179 2209 268 2286 gatur
291 2223 400 2265 corona
422 2201 516 2265 civica
539 2202 600 2266 sive
622 2201 763 2265 militaris
786 2202 848 2264 sive
863 2201 997 2278 ludicra,
1015 2202 1041 2264 si
1058 2202 1184 2267 Platoni

178 2321 247 2385 talis
271 2320 369 2385 honor
391 2320 582 2404 contigisset,
599 2320 631 2383 id
647 2328 725 2385 certe
741 2320 819 2384 vitae
834 2321 898 2384 eius
914 2328 1105 2385 enarratores
1121 2345 1184 2387 non

178 2438 298 2502 silentio
330 2438 562 2522 praeteriissent.
609 2437 712 2518 Quare
739 2438 862 2515 merito,
891 2437 1013 2522 opinor,
1037 2447 1077 2502 ut
1105 2461 1185 2505 com·

177 2556 354 2620 mesticium
376 2563 501 2620 notatur
532 2556 569 2620 ab
600 2556 705 2634 Astio,
729 2555 863 2620 Platon's
886 2555 959 2621 Lch.
983 2578 1014 2620 u.
1038 2555 1128 2623 Schr.
1154 2583 1183 2645 p.

180 2677 253 2739 529.
299 2673 359 2738 Sed
382 2673 455 2738 haec
488 2674 654 2752 hactenus3
685 2695 767 2738 nunc
797 2674 951 2758 paulisper
979 2674 1018 2738 ad
1040 2674 1184 2742 Platonis

177 2793 285 2855 itinera
307 2799 500 2856 revertamur.
