2746 4950
622 334 639 392 9

176 537 308 601 Groteus
331 538 363 601 in
387 537 524 601 Historia
546 538 707 618 Graeciae,
724 539 779 603 ubi
794 539 935 623 Dionysii
951 545 980 602 et
996 537 1133 601 Platonis

130 679 177 719 res
200 664 319 734 narrat,
347 657 500 741 Epistulas
523 665 662 736 cunctas,
687 658 784 744 prima
805 664 926 722 tantum
950 664 1091 742 excepta,
1115 678 1133 718 a

130 776 268 868 Platonis
290 799 382 840 manu
407 777 554 862 profectas
578 800 642 841 esse
665 777 839 856 contendit,
858 800 968 862 easque
984 777 1133 862 optimum

73 980 76 984 A
131 894 224 957 habet
245 895 360 958 fontem
384 895 423 959 ad
445 895 567 968 illorum
583 919 630 960 res
646 896 879 981 cognoscendas
896 897 919 980 ¹)
943 897 1133 979 Argumenta

132 1013 170 1077 ab
212 1014 300 1077 Astio
330 1015 450 1098 prolata
479 1015 517 1079 ad
548 1039 650 1079 earum
681 1015 770 1079 fidem
800 994 1042 1079 labefactandam
1072 1036 1134 1077 non

132 1135 210 1197 tanti
240 1135 382 1219 ponderis
413 1137 568 1215 aestimat,
600 1143 637 1200 nt
665 1136 818 1201 Ciceronis
850 1142 880 1200 et
902 1134 1062 1199 Plutarchi
1084 1156 1135 1197 au-

133 1253 303 1318 ctoritatem
326 1255 445 1319 elevent
452 1281 461 1333 ;
486 1255 568 1340 quod
592 1256 819 1320 adorationem
843 1255 968 1332 attinet,
992 1254 1135 1337 iniquum

132 1380 223 1457 putat
245 1373 442 1458 epistolarum
464 1375 569 1439 stilum
593 1375 721 1461 dialogis
741 1374 850 1439 metiri.
881 1373 928 1438 Dc
944 1373 1017 1458 ipsis
1032 1380 1134 1436 tamen

133 1492 284 1577 epistoHS,
309 1493 372 1556 siva
394 1493 487 1557 dictio
508 1494 570 1558 sive
593 1501 806 1579 argumentum
827 1500 997 1579 spectetur,
1026 1513 1132 1575 parum

133 1612 297 1676 honorifice
320 1613 478 1677 existimat.
517 1612 556 1677 in
579 1613 799 1677 consuetudine
823 1620 854 1676 et
869 1606 1048 1687 commercio
1065 1633 1135 1674 cum

134 1731 281 1815 Dionysio
308 1731 467 1794 Platonem
494 1754 582 1826 saepe
605 1732 827 1816 imprudenter,
856 1731 917 1794 imo
940 1731 1025 1793 fatue
1048 1751 1136 1813 agere

130 1850 250 1934 judicat
257 1875 267 1928 ;
291 1850 444 1914 interdum
459 1826 621 1916 memoriae
636 1851 744 1935 culpae
759 1851 880 1936 lapsum
896 1851 1040 1935 opinatur
1048 1876 1057 1927 ;
1074 1849 1136 1913 dic·

133 1969 177 2032 tio
201 1975 301 2032 autem
321 1969 348 2033 ei
371 1969 491 2033 videtur
514 1969 668 2048 affectata,
685 1971 804 2047 fucata,
820 1969 1010 2033 inconcinna.
1023 1969 1049 2052 2)
1078 1966 1137 2031 De

134 2087 230 2151 fensio
262 2087 409 2172 ejusmodi
439 2095 485 2151 est
515 2095 550 2152 nt
582 2087 713 2152 Grotens
744 2088 825 2173 ipse,
850 2087 875 2150 si
899 2093 978 2152 esset
999 2086 1136 2150 Platonis

133 2206 215 2285 loco,
238 2206 300 2270 tale
323 2208 542 2291 patrocinium,
567 2209 689 2295 opinor,
713 2208 895 2294 repudiaret.

177 2323 250 2388 Non
281 2331 327 2388 est
355 2348 456 2390 meum
478 2349 614 2412 pugnare
637 2333 742 2392 contra
763 2327 843 2391 viros
866 2326 1019 2391 doctrinae
1043 2346 1137 2409 aeque

134 2597 179 2661 up.
196 2595 259 2644 XIII
276 2595 305 2645 ad
322 2595 477 2660 Dionysium,
496 2612 520 2661 p.
538 2596 585 2649 728
609 2596 667 2658 (336
684 2598 731 2658 Α.).
765 2596 832 2645 Hanc
857 2595 920 2645 euim
937 2600 986 2644 tam
1002 2610 1138 2660 germanam

135 2707 185 2740 esse
207 2707 278 2755 quam
295 2695 385 2740 ceteras
401 2691 508 2741 Platonis
525 2691 638 2757 epistolas
654 2691 780 2756 persuadet
797 2691 865 2741 uobis
882 2693 910 2741 P.
927 2690 1097 2754 Wcssaliugius
1112 2689 1137 2738 iu

133 2787 210 2852 Epist.
226 2787 256 2837 ad
273 2786 438 2842 VenemamR',

169 2882 220 2933 Van
237 2883 348 2942 Heusde‚
365 2882 422 2933 init.
440 2882 501 2932 Phil.
519 2883 583 2933 Plat.
600 2883 691 2946 (1831).
708 2882 757 2932 vol.
774 2883 806 2932 Π.
833 2898 888 2947 pars
905 2882 926 2931 Ι.
943 2898 967 2946 p.
986 2880 1041 2933 127.
1068 2881 1138 2941 „Nou

135 2979 269 3043 quaerimus
292 2980 336 3029 hoc
359 2979 413 3029 loco
435 2979 464 3028 de
483 2979 605 3044 Epistulae
622 2980 666 3041 (II)
684 2979 888 3038 auctoritate;...
905 2978 955 3028 sive
972 2978 1010 3028 cui
1027 2993 1139 3043 germana

136 3075 244 3123 videatur
263 3074 313 3122 sive
330 3073 494 3139 suppositicia,
511 3074 537 3124 id
550 3044 623 3123 ¹uerno
641 3072 749 3133 dubitat,
774 3074 830 3137 quin
848 3073 1001 3123 Platonicum
1018 3073 1087 3148 plape
1104 3072 1139 3122 vi-

137 3183 190 3218 rum
208 3173 328 3218 auctorem
344 3169 455 3219 habeat.''
472 3171 503 3220 ci.
521 3187 544 3235 p.
563 3171 609 3220 121
627 3174 652 3220 et
670 3170 724 3219 128.

168 3264 277 3328 Denique
293 3264 398 3314 Cebetas
415 3264 471 3315 Var.
487 3265 554 3315 Lect.
570 3281 593 3331 p.
611 3266 658 3315 235
677 3265 706 3314 ds
722 3265 767 3329 up.
784 3264 832 3314 VII
850 3280 926 3328 nuper
942 3265 988 3314 hoc
1008 3263 1138 3328 tulitjudi·

136 3359 216 3408 cium:
245 3360 369 3419 „Platonis
391 3359 467 3426 ipsius
489 3377 539 3410 esse
561 3362 623 3411 hanc
646 3361 770 3426 epistolam
793 3365 817 3410 et
839 3365 1004 3425 argumentum
1028 3366 1053 3410 et
1070 3360 1139 3409 stilus

136 3454 264 3505 clamant.''

172 3549 196 3610 I)
213 3549 300 3609 Grots,
323 3541 392 3599 Hist.
409 3551 437 3599 oi
451 3551 553 3610 Graece,
574 3551 623 3600 vol.
641 3550 683 3600 XI.
700 3567 724 3615 p.
742 3549 781 3602 75.
815 3551 906 3610 Credo,
923 3550 943 3599 si
960 3549 1087 3615 scriptores
1103 3550 1142 3599 de·

135 3645 224 3710 perditi
240 3646 270 3695 dc
286 3645 334 3695 illis
351 3646 497 3711 temporibus
513 3646 652 3711 superstites
667 3646 736 3696 nobis
746 3649 835 3706 essent,
852 3647 968 3697 Groteum
985 3646 1053 3696 aliter
1069 3646 1142 3696 fuisse

137 3741 297 3806 opinaturum.

171 3837 195 3899 2)
211 3837 248 3886 Eu
265 3835 340 3900 ipsius
356 3835 435 3898 verba.
459 3835 596 3900 Reprobata
613 3835 675 3885 Astii
693 3836 809 3886 sententia
826 3837 884 3886 haec
900 3835 980 3895 addit,
998 3835 1046 3886 vol.
1070 3836 1099 3886 x.
1115 3852 1140 3901 p.

137 3934 185 3982 435
209 3936 276 3982 not:
294 3932 351 3993 „the
368 3948 454 3998 proper
471 3933 607 3983 conclusion
626 3934 687 3982 from
705 3933 741 3983 his
752 3931 842 3996 '(Ast's)
855 3932 973 3997 ¹premisse
996 3947 1094 3997 appears
1114 3935 1139 3981 to

136 4044 175 4077 me
198 4032 224 4077 to
246 4027 289 4086 bc,
314 4028 367 4077 that
390 4028 459 4077 Plato
483 4032 558 4076 wrote
573 4027 656 4076 letters
672 4027 765 4087 which,
782 4027 849 4088 when
867 4027 929 4076 tried
945 4026 977 4091 by
992 4042 1036 4076 our
1053 4042 1140 4076 canons

136 4123 209 4173 about
225 4122 407 4188 letterwriting‚
421 4110 487 4172 ‘seem
504 4122 636 4181 awkward,
653 4122 762 4187 pedaniis
778 4123 824 4172 and
841 4123 866 4172 in
882 4139 896 4172 a
912 4122 957 4171 had
974 4120 1061 4172 taste.”
