2746 4950
713 379 753 438 33

275 588 329 650 Uti
351 588 408 650 hae
433 587 595 670 epistolae,
621 587 664 648 ita
687 594 802 648 ceterae
827 608 948 668 quoque
973 609 1049 669 quae
1073 585 1112 646 ad
1128 584 1264 647 famili·'

231 729 295 769 ares
327 706 456 790 scriptae
487 713 559 767 sunt
594 705 795 789 praestantiae
826 703 922 787 gradu
945 704 1078 768 multum
1095 703 1181 778 ,inter
1205 726 1236 765 se

229 818 391 902 differunt3
415 824 507 887 simul
531 833 632 886 autem
656 823 687 886 in
711 822 864 907 plerisque
880 823 962 887 haud
979 824 1108 888 obscura
1123 823 1237 887 indicia

125 976 132 988 ¹
229 943 444 1019 inveniuntur,
469 965 518 1005 eas
543 965 558 1005 e
581 941 646 1003 VH
670 964 733 1004 esse
757 963 909 1024 procusas.

184 1091 186 1094 >
274 1042 413 1147 Epistola
435 1062 464 1122 V
488 1061 599 1145 scripta
622 1068 667 1123 est
691 1060 728 1122 ad
752 1060 943 1138 Perdiccam,
968 1083 1029 1144 quo
1052 1083 1153 1145 regem
1173 1061 1237 1124 Ma-

229 1180 373 1245 cedoniae
396 1180 526 1264 intelligi
550 1187 763 1264 argumentum
779 1181 927 1257 ostendit,
945 1179 1095 1263 siquidem
1112 1187 1238 1264 apparet

230 1323 299 1363 eum
330 1299 473 1380 μόναρχον
503 1299 597 1362 fuisse
626 1301 666 1383 (p.
692 1301 894 1382 aar—322),
920 1322 935 1363 e
973 1307 1109 1384 tempora
1131 1320 1238 1362 conve·

230 1419 329 1481 niunt.
376 1417 526 1502 Regnavit
548 1419 628 1481 enim
658 1417 816 1482 Perdiccas
848 1417 900 1481 ΙΠ
931 1441 956 1480 6.
981 1416 1016 1481 (l.
1042 1419 1236 1495 aea-359,

228 1559 289 1621 quo
320 1544 454 1621 tempore
485 1537 573 1600 Plato
605 1537 824 1622 propemodum
858 1539 985 1602 fra-70
1020 1559 1114 1601 annos
1144 1544 1237 1601 natus

228 1662 301 1719 erat.
349 1655 549 1720 Commendat
583 1657 610 1719 ci
644 1657 859 1741 Duphracum,
894 1679 990 1719 unum
1027 1657 1171 1720 nimirum
1200 1679 1237 1720 ex

229 1776 409 1839 Academiae
433 1775 587 1840 sodalibus
603 1777 641 1860 ¹),
666 1783 695 1839 et
719 1776 810 1839 simul
834 1776 964 1839 rationes
981 1775 1065 1838 addit
1081 1798 1136 1838 cur
1151 1776 1235 1862 ipse,

229 1894 302 1958 dum
333 1895 399 1957 aliis
420 1894 546 1958 consilia
565 1894 667 1972 daret,
688 1916 811 1978 prorsus
831 1917 848 1956 a
868 1894 1023 1978 republica
1044 1893 1235 1958 abstinuerit.

229 2013 312 2076 Haec
329 2021 431 2076 autem
448 2012 582 2076 defensio
598 2012 698 2075 iudea
715 2012 826 2088 verbis,
843 2012 893 2076 aaa
905 2011 985 2083 δέτι(
998 2011 1124 2083 duodece
1135 2017 1237 2076 ταῦτα

229 2136 268 2217 (p.
287 2135 350 2194 323
375 2134 430 2214 Α),
451 2139 496 2194 est
519 2131 606 2214 quasi
621 2130 835 2215 compendium
852 2152 955 2194 eorum
972 2153 1049 2214 quae
1065 2131 1097 2193 in
1113 2130 1236 2194 exordio

229 2249 385 2334 Epistolae
408 2247 473 2312 VH
484 2250 630 2334 leguntur
646 2250 683 2313 de
699 2248 836 2312 Platonis
852 2249 914 2312 vita
931 2249 1068 2333 publica,
1086 2259 1116 2312 et
1131 2257 1236 2334 postea

229 2393 257 2452 p.
284 2371 346 2431 330
372 2391 416 2451 sq.
441 2367 478 2430 (16
502 2368 618 2450 ratione
643 2389 720 2450 quae
744 2369 776 2431 in
800 2368 933 2430 consiliis
956 2367 1063 2431 dandis
1083 2367 1237 2450 sequenda

200 2562 202 2567 p
229 2488 269 2550 sit
277 2515 286 2565 ;
311 2510 373 2550 non
397 2510 494 2571 pauca
517 2488 549 2550 in
572 2487 620 2550 his
643 2509 767 2571 prorsus
792 2495 864 2551 sunt
888 2487 1006 2551 similia.
1020 2489 1043 2570 Ξ)

273 2606 409 2690 llpistola
432 2606 480 2669 IX
503 2606 540 2669 ad
565 2607 730 2691 Archytam
755 2607 850 2671 veluti
874 2608 1057 2671 documento
1074 2614 1120 2670 est
1135 2604 1232 2682 ξενίαις

226 2723 275 2787 καὶ
292 2724 432 2803 {raamias
456 2747 546 2807 quam
571 2747 641 2788 cum
658 2725 794 2810 Archyta
807 2749 838 2789 se
854 2726 957 2788 iniisse
973 2724 1079 2788 scribit
1094 2724 1151 2808 Dp.
1170 2723 1234 2786 VII

226 2865 255 2926 p.
281 2845 344 2905 338
369 2841 407 2919 C,
432 2843 518 2906 cuius
542 2843 632 2906 etiam
657 2844 799 2928 epistolas
824 2843 862 2906 ad
879 2867 910 2908 se
926 2844 1032 2906 missas
1048 2842 1160 2906 ibidem
1176 2865 1235 2905 me-

226 2968 340 3037 morat,
365 2984 394 3045 p.
420 2964 482 3024 339
507 2961 546 3024 D.
581 2960 746 3047 Praecepta
759 2963 894 3025 continet
910 2984 1050 3046 expressa
1066 2984 1082 3024 6
1098 2960 1235 3024 Platonis

227 3086 342 3155 mente,
359 3079 457 3163 qualis
474 3081 506 3143 in
528 3080 582 3144 illa
603 3080 731 3165 epistola
751 3081 905 3164 pingitur:
927 3079 1011 3143 velut
1034 3102 1111 3163 quae
1131 3087 1235 3142 monet

226 3198 263 3260 (16
276 3198 458 3282 capessenda
469 3199 638 3283 republica,
657 3198 694 3262 de
709 3199 900 3262 inserviendo
916 3199 1049 3283 patriae,
1066 3205 1133 3261 tum
1151 3221 1235 3282 prae-

227 3319 329 3380 sertim
360 3318 451 3381 verba
481 3317 549 3381 illa:
583 3319 683 3382 ιιολλδι
715 3318 743 3381 δὲ
763 3319 812 3382 uxi
836 3325 895 3390 τοῖς
919 3325 1023 3397 κνιιροῖς
1047 3317 1153 3382 haberer
1175 3325 1234 3388 τοῖς

226 3439 273 3501 τὸν
303 3437 365 3514 βίον
401 3441 479 3514 ἡμῶν
510 3436 807 3514 κνιτιιλνιμβιένιννιν.
832 3436 915 3500 haud
940 3436 1112 3522 discrepant
1136 3436 1173 3500 ab
1197 3437 1234 3500 iis

227 3556 365 3639 quaeda
389 3580 420 3620 se
443 3557 511 3642 ipso
535 3556 611 3620 dicit
634 3557 691 3642 up.
716 3555 797 3633 VII,
822 3579 851 3640 p.
877 3558 941 3618 324
965 3555 989 3618 (l
1014 3563 1043 3619 et
1066 3558 1128 3619 331
1154 3557 1192 3619 D.

234 3749 400 3758 ——-

260 3870 283 3930 1)
303 3870 336 3916 De
363 3870 471 3918 Platonis
494 3886 548 3919 cum
566 3870 693 3934 Euphraeo
711 3874 735 3919 et
753 3870 865 3918 Perdicca
891 3871 1066 3920 consuetudine
1092 3873 1139 3920 vid.
1157 3873 1235 3921 Athen

226 3964 268 4012 lll.
286 3981 308 4028 p.
328 3965 374 4013 508
392 3966 423 4015 D.

258 4060 282 4121 3)
299 4061 380 4110 Veluti
402 4079 425 4126 p.
449 4063 497 4111 322
520 4063 553 4111 B:
578 4065 599 4113 cl
623 4069 656 4126 μὴ
673 4066 751 4126 μάτην
766 4063 904 4113 κινδυνεύσειν
920 4067 987 4130 ᾤετο,
1005 4067 1030 4112 et
1047 4080 1070 4129 p.
1089 4064 1135 4112 331
1154 4065 1187 4114 D:
1207 4070 1234 4122 ιί.

224 4157 302 4234 pellor
318 4165 379 4223 μήτε
395 4161 501 4233 ματαίως
517 4162 575 4228 ἑριῖν
590 4166 651 4223 μήτε
668 4162 827 4218 ἀποθανεῖσθαι
846 4161 923 4229 λέγων,
