2746 4950
661 370 720 430 134

181 577 337 662 Epistolae
369 576 496 657 scriptor
527 582 650 656 tangere
682 574 818 651 videtur,
852 597 947 658 quum
967 579 1126 644 Ἰταλικῶν
1146 583 1196 645 καὶ

182 697 361 776 Συρακοσίων
384 691 530 773 111111ζῶ1
550 691 736 776 opulentiam
761 699 791 756 et
814 715 932 756 morum
955 693 1118 761 lasciviam
1134 710 1194 762 tam

181 837 282 878 severe
313 814 475 897 vituperat.
524 810 602 874 Mihi
629 811 759 874 maxime
781 811 937 895 probabile
960 813 1088 879 videtur
1112 819 1194 900 quod

180 932 285 1018 Nepos
301 954 366 1016 cap.
381 934 410 1008 2,
428 930 602 1007 Timaeum,
616 929 722 1007 credo,
737 929 783 992 vel
800 929 958 1014 Ephorum
975 941 1123 1013 secutus,
1136 944 1194 1001 tra-

180 1052 242 1114 dit:
264 1073 360 1134 quum
375 1050 408 1112 in
424 1048 557 1111 Siciliam
574 1048 690 1133 perlata
707 1054 785 1111 esset
802 1049 882 1112 fama
900 1049 1061 1115 Platonem
1084 1054 1195 1119 Taren-

179 1180 245 1234 tum
269 1170 403 1245 venisse,
423 1167 606 1251 Dionysium
619 1167 712 1230 Dioni
725 1166 925 1247 adolescenti,
940 1170 994 1253 qui
1006 1171 1095 1235 illius
1109 1175 1193 1238 audi-

179 1290 249 1354 endi
273 1288 441 1372 cupiditate
465 1287 622 1370 flagraret,
647 1309 756 1369 negare
777 1288 995 1372 nonpotuisse
1018 1291 1098 1373 quin
1124 1316 1192 1357 eum

177 1415 342 1472 arcesseret
348 1432 357 1483 ;
379 1406 483 1487 itaque
499 1404 596 1488 (dicit)
611 1427 743 1488 „magna
761 1427 830 1468 eum
846 1405 1012 1475 ambitione
1025 1407 1193 1493 Syracusas

179 1524 353 1611 perduxit.’'
388 1522 482 1603 Quod
504 1544 576 1586 saue
591 1522 689 1586 multo
705 1523 800 1606 magis
817 1531 864 1587 est
878 1524 922 1588 rei
938 1533 1192 1593 consentaneum.

179 1644 296 1708 Notum
321 1650 367 1706 est
390 1642 484 1719 enim,
509 1642 691 1726 Dionysium
707 1643 850 1705 maiorem
866 1644 996 1707 multum
1015 1667 1129 1730 operae
1145 1648 1193 1712 de-

179 1763 259 1826 disse
289 1761 386 1825 literis
418 1783 473 1824 nec
505 1760 674 1845 quidquam
697 1761 793 1845 magis
816 1759 843 1824 ei
866 1784 956 1826 curae
978 1763 1074 1828 fuisse
1100 1789 1194 1850 quam

180 1889 217 1946 ut
248 1881 319 1945 aula
348 1879 537 1963 Syracusana
567 1901 585 1942 a
616 1878 712 1962 potitis
745 1888 774 1942 et
805 1879 902 1943 doctis
935 1882 1155 1952 celebraretur.
1171 1888 1196 1973 ¹)

178 2000 263 2082 Quid
293 2000 388 2083 igitur
419 1999 529 2062 mirum
561 1999 586 2060 si
618 1998 777 2062 Platonem
805 2020 927 2083 quoque
950 2023 1061 2085 magno
1086 2006 1194 2069 studio

178 2120 216 2184 ad
239 2142 271 2183 se
294 2117 430 2182 vocavit?
462 2116 558 2180 Nulla
581 2139 650 2180 vero
675 2125 721 2181 est
745 2140 836 2181 causa
860 2142 915 2183 cur
939 2121 1115 2204 opinemur,
1134 2125 1195 2190 Ne

131 2273 133 2281 ·
177 2246 279 2323 potem
311 2258 409 2300 errore
439 2237 471 2299 in
502 2224 682 2320 Dionysium
716 2237 859 2301 maiorem
886 2239 1081 2304 transtulisse
1107 2245 1193 2325 quod

177 2363 283 2442 postea
305 2356 386 2418 filius
407 2355 471 2419 eius
488 2355 593 2418 fecisse
609 2354 756 2432 traditur,
782 2357 1055 2439 quumPlatonem
1070 2360 1192 2426 triremi

179 2474 309 2539 Athenis
326 2480 496 2537 arcesseret.
521 2472 605 2536 Illud
630 2482 710 2537 certe
732 2496 925 2557 nequaquam
942 2475 1105 2555 credibile,
1124 2479 1194 2543 Pla

177 2600 295 2670 tonem,
311 2598 347 2656 ut
363 2591 395 2654 in
412 2590 541 2676 epistola
555 2591 681 2675 legitur,
706 2592 787 2674 11111
809 2593 904 2672 τύχην
922 2604 952 2656 11
971 2601 1084 2658 temere
1100 2595 1194 2682 Syra-

178 2733 264 2775 cusas
289 2710 424 2774 delatum
448 2732 521 2773 esse.
558 2709 700 2773 Ceterum
713 2710 751 2773 de
762 2711 929 2795 Dionysio,
951 2713 1106 2795 quomodo
1120 2715 1193 2780 Pla-

177 2839 280 2893 tonem
304 2828 471 2911 exceperit,
500 2850 590 2911 quam
614 2828 757 2912 probrose
782 2852 851 2892 1111
877 2829 1043 2906 dimiserit,
1069 2832 1102 2895 in
1130 2835 1195 2920 epi·

176 2948 255 3010 stola
278 2969 316 3010 11
338 2947 465 3010 verbum
489 2946 621 3029 quidem.
655 2946 756 3010 Etiam
780 2947 810 3010 in
834 2970 899 3032 sqq.
924 2971 954 3032 p.
980 2950 1042 3011 331
1064 2949 1113 3026 D,
1137 2953 1195 3017 ubi

177 3075 322 3130 memorat
338 3065 463 3129 consilia
478 3064 673 3150 Syracusanis
690 3088 707 3129 a
720 3089 751 3129 se
764 3066 834 3130 data
847 3066 884 3130 dc
895 3065 1086 3131 emendanda
1098 3091 1194 3155 repu-

178 3186 272 3262 blica,
296 3185 433 3267 loquitur
456 3184 493 3248 de
509 3184 656 3269 Dionysio
681 3187 796 3250 minore
813 3195 841 3250 et
859 3186 896 3249 de
912 3187 1026 3263 Dione,
1045 3187 1084 3253 de
1100 3198 1194 3274 patre

178 3304 272 3382 11ihil;
297 3310 333 3367 11
355 3302 550 3366 manifestum
573 3303 630 3381 sit,
655 3327 724 3368 eum
748 3304 819 3367 data
842 3327 933 3389 opera
954 3304 987 3368 id
1010 3305 1126 3389 egisse,
1155 3320 1194 3374 ut

185 3485 374 3494 ———-—-

214 3574 236 3634 1)
253 3573 360 3622 Fuerunt
377 3573 400 3621 in
417 3573 467 3623 eiua
486 3573 539 3623 aula
557 3579 649 3638 praeter
667 3574 794 3623 Philistum
813 3578 836 3623 et
853 3575 977 3624 Platonem
995 3576 1075 3641 plures
1089 3583 1194 3642 potitae,

180 3685 192 3716 1
215 3668 299 3731 quibus
321 3669 444 3717 Philoxeni
469 3673 493 3718 et
520 3670 675 3734 Antiphontis
696 3670 779 3735 tragici
803 3671 900 3719 uomina
917 3672 979 3720 lama
996 3671 1025 3720 ad
1042 3688 1086 3719 nos
1104 3689 1193 3736 perve-

180 3767 272 3811 nerunt.
316 3764 452 3827 Tyrannum
479 3764 557 3828 ipsum
587 3765 709 3814 Musarum
734 3765 832 3814 cultoris
857 3782 942 3814 1111111
971 3768 1092 3816 affectasse
1115 3774 1194 3820 testa·

180 3862 220 3906 tur
244 3858 315 3907 Diod.
347 3859 402 3918 XV,
424 3859 456 3911 7:
481 3862 568 3913 διὸκαὶ
590 3870 711 3924 ποιήματα
731 3867 825 3929 γράφειν
850 3864 994 3921 ὑπεστήσατο
1016 3869 1080 3926 μετὰ
1105 3868 1195 3928 πολλῆς

179 3955 274 4012 σπουδῆς
289 3958 327 4006 καὶ
342 3957 393 4013 τώς
406 3961 428 4006 ἐν
440 3956 527 4014 rodam
541 3958 608 4015 δόξαν
622 3961 714 4023 ἔχοντας
727 3964 905 4021 μετεπέμπετο,
921 3961 959 4008 καὶ
974 3970 1092 4028 προτιμῶν
1107 3966 1192 4023 αὐτοὺς

179 4049 317 4116 συνδιέτριβε
334 4053 371 4101 καὶ
386 4061 429 4102 τῶν
444 4057 577 4117 ποιημάτων
592 4045 717 4110 ὶπισέάτας
733 4055 771 4103 καὶ
787 4052 910 4119 διορθωτὰς
927 4054 993 4122 εἶχεν.
1023 4055 1076 4103 Vid.
1096 4057 1189 4127 Grata,

179 4143 233 4192 Vol.
250 4143 297 4202 XI,
315 4160 340 4207 p.
356 4144 395 4195 36.
