2746 4950
663 377 725 435 229

236 580 401 665 Postquam
426 581 463 644 de
487 583 584 666 primo
607 582 715 645 itinere
738 581 777 644 ad
789 581 970 665 Dionysium
986 581 1133 645 minorem
1149 603 1197 645 ex-

190 700 310 783 posuit,
343 699 417 763 haec
440 699 563 784 subjicit
586 723 616 784 p.
642 703 704 762 330
730 699 770 763 O:
795 695 976 763 ὤν’δένεκοι
999 699 1100 783 (πάλιν
1123 703 1196 764 aias·

189 817 308 893 δήμνοοο
338 819 378 889 εἷς
409 799 606 901 Σνροέιούοοις)
637 818 686 881 ael
704 816 749 881 ἕν’
772 815 888 897 ἔπροιξοι
912 819 948 890 ὡς
971 816 1069 882 ciuica
1091 819 1196 883 τεκοοὶ

189 935 286 999 δι’κοοιοι
299 985 306 998 .
321 987 328 1000 .
343 986 351 1000 .
375 931 488 1016 ὕστερον
511 934 644 1014 διέξειμι,
665 936 696 1000 h.
709 959 734 999 e·
756 935 890 1019 „quibus
899 936 1070 1001 rationibus
1082 935 1195 1021 impul-

190 1078 241 1118 sus
259 1054 315 1118 sim
337 1062 373 1118 ut
393 1054 505 1119 iterum
521 1054 683 1139 Syracusas
703 1055 924 1139 proficiscerer,
949 1062 1040 1138 atque
1064 1077 1142 1138 quae
1164 1055 1197 1119 in

189 1173 329 1258 Dionysii
352 1173 423 1237 aula
445 1173 503 1238 feci
525 1173 654 1238 honesta
677 1181 707 1238 et
727 1174 812 1258 justa
826 1173 936 1250 fuisse,
954 1180 1059 1258 postea
1075 1173 1198 1238 demon·

188 1291 323 1356 straho.”
339 1292 484 1357 Similiter
500 1315 595 1377 quum
612 1292 650 1356 ad
666 1292 796 1357 alterum
812 1293 871 1356 iter
885 1293 1012 1371 transit,
1028 1292 1103 1357 haec
1115 1314 1198 1377 prae·

188 1410 304 1474 mittit:
330 1414 346 1488 ἡ
370 1409 393 1475 δ’
406 1411 511 1492 ὑστέρον
534 1411 632 1491 πορείοο
655 1435 689 1476 τε
711 1413 760 1476 nal
784 1417 875 1482 πλοῦς
897 1413 934 1483 ὡς
957 1411 1071 1483 εἰκότως
1091 1408 1196 1488 θ’ἅμοι

187 1530 237 1594 acl
268 1530 404 1608 ἐμμελῶς
438 1529 576 1606 γέγονεν,
609 1525 629 1612 ᾦ
663 1529 746 1606 μέλει
777 1529 888 1594 οὶκοέειν
919 1528 1013 1605 ἔξεστι
1049 1529 1196 1606 νὸ’μετέι

178 1655 281 1758 ονοῖιτο.
314 1671 344 1733 p.
377 1651 439 1714 337
473 1647 509 1712 Ε.
556 1648 698 1732 Denique
732 1648 873 1713 omnibus
908 1648 1053 1712 enarratis
1084 1645 1197 1711 librum

188 1766 306 1830 claudit
336 1765 383 1830 his
414 1766 533 1831 verbis:
565 1763 601 1831 da
624 1766 648 1830 δ’
663 1766 847 1844 ἐπανέλαβον
867 1764 954 1830 Ιἕνενοι
976 1767 1027 1840 τὴν
1051 1766 1090 1836 εἰς
1116 1775 1197 1830 Σικε-

187 1885 255 1950 aiau
278 1882 379 1966 ἄφιξιν
401 1887 453 1960 τὴν
476 1884 625 1968 δενοέροιν,
656 1886 818 1963 οὶνοινκοιῖον
848 1879 919 1950 εἷνοοι
947 1883 1023 1960 ἔδοξέ
1045 1908 1093 1961 μοι
1117 1886 1196 1965 lati·

188 2027 233 2069 νοιι
270 2004 327 2067 δεῖν
360 2005 407 2069 ara
429 2004 481 2077 rho
503 2003 629 2068 οὶτοοτέοον
650 2004 699 2068 nal
722 2003 849 2080 οὶλογέοιν
871 2008 927 2068 τῶν
950 2002 1109 2082 γενομένων
1136 2005 1196 2087 (νιε-

187 2122 315 2201 νομένων
324 2121 366 2206 ?)·
401 2124 425 2188 εἷ
455 2122 480 2185 δ’
492 2118 550 2203 έιροι
568 2120 621 2187 τινὶ
644 2122 685 2186 τοὶ
714 2127 762 2187 νῦν
792 2120 896 2203 ῥηθέντ’
926 2120 1095 2202 εὐλορ’ὠτερ’
1118 2120 1195 2202 ε’Φοέ-

188 2266 220 2317 νν
250 2241 301 2305 acl
331 2240 491 2323 προφάσεις
521 2240 591 2321 πρὸς
620 2241 662 2306 τοι
691 2240 836 2319 γενόμενοι
866 2241 968 2313 ἱκοινοὶς
1004 2239 1084 2321 ἔχειν
1118 2238 1194 2317 έδοξέ

142 2443 155 2455 ..
187 2386 243 2440 τῳ,
266 2362 386 2438 μετρίως
411 2359 448 2425 dcv
470 2363 538 2437 ἡμῖν
558 2359 608 2424 cal
630 2361 732 2430 ἱκοινῶς
751 2357 792 2435 εἴη
812 2361 853 2424 τὰ
864 2367 912 2425 νῦν
924 2361 1067 2440 εἰρημένοι.
1083 2357 1194 2423 Nonne

188 2480 236 2543 his
270 2480 368 2544 verbis
400 2478 510 2544 diserte
533 2479 668 2556 indicat,
692 2477 762 2543 idco
785 2472 859 2543 haec
883 2501 900 2542 a
923 2501 955 2543 se
978 2478 1091 2564 scripta
1111 2500 1193 2555 esse,

188 2607 225 2662 ut
255 2597 334 2661 facta
364 2619 419 2661 sua
448 2598 630 2677 εὐλογώτεροι
660 2596 836 2661 viderentur
867 2618 959 2681 quam
983 2595 1075 2681 vulgo
1099 2595 1196 2659 homi·

187 2741 241 2782 nes
268 2717 433 2802 putarent?
475 2715 585 2801 Neque
607 2716 768 2781 immerito.
801 2715 873 2801 Ipse
896 2712 958 2780 non
982 2716 1065 2780 omui
1087 2715 1195 2800 culpae

183 2837 360 2922 *suspicione
389 2858 494 2900 vacare
525 2859 557 2900 se
587 2836 701 2899 fatetur
723 2858 753 2920 p.
777 2838 841 2898 445
865 2835 905 2899 D.
930 2834 1059 2914 „Quum
1083 2834 1193 2913 tertio,

187 2956 307 3040 inquit,
330 2977 362 3019 re
385 2954 496 3019 iniecta
519 2977 537 3018 a
560 2954 707 3038 Dionysio
731 2953 937 3031 discederem,
968 2953 1054 3018 ἐδόκει
1079 2953 1111 3026 δὴ
1133 2976 1195 3033 χοι-

188 3076 334 3141 rensiaco
363 3077 416 3152 μὲν
445 3077 477 3139 οὔ
505 3074 561 3139 δεῖν
584 3072 638 3152 ἐμὲ
661 3074 797 3153 Διονυσίῳ
819 3076 937 3151 μᾶλλον
960 3073 977 3149 ἢ
1000 3072 1064 3150 ἐμοί
1088 3097 1123 3136 τε
1144 3072 1194 3138 rai

188 3201 246 3267 τοῖς
281 3194 471 3271 βιοιοοιμένοις
496 3196 594 3260 ε’λθεῑν
632 3193 665 3258 τὸ
707 3193 818 3272 spirea:
851 3192 998 3271 „videbar
1025 3191 1102 3255 mihi
1132 3214 1194 3255 non

187 3323 250 3379 tam
272 3313 319 3378 illi
342 3313 450 3378 debere
471 3313 561 3377 irasci
580 3336 672 3398 quam
690 3312 830 3376 mihimet
845 3311 905 3397 ipsi
927 3311 1016 3376 otiis
1040 3333 1058 3374 a
1081 3311 1193 3395 quihus

189 3434 227 3498 ad
250 3433 282 3497 id
306 3455 401 3498 essem
424 3433 606 3518 impulsus.’'
651 3432 692 3497 ut
715 3432 788 3497 alibi
811 3438 962 3496 asseverat
984 3452 1106 3495 necesse
1131 3415 1216 3494 esse

188 3560 224 3616 ut
247 3575 278 3616 sc
301 3552 459 3630 defendat,
482 3553 543 3617 nisi
561 3552 653 3638 justis
682 3549 926 3616 accusationibus
957 3548 1106 3614 obnoxius
1130 3559 1195 3612 esse

188 3671 278 3748 velit,
302 3694 332 3757 p.
358 3673 420 3735 339
445 3672 487 3734 A:
512 3671 617 3744 δι’κοοιος
638 3672 672 3746 δή
694 3672 753 3749 εἰμι
768 3670 865 3750 λέγειν
881 3671 994 3744 oriundi?
1010 3669 1059 3734 κοιὶ
1076 3668 1146 3753 (leg.
1164 3667 1193 3752 ἢ)

188 3791 353 3868 ὑπομένειν,
368 3840 375 3854 .
391 3840 416 3854 ..
440 3789 528 3862 εἴτις
550 3788 608 3870 ἔρροι
630 3791 671 3855 τοὶ
693 3788 828 3867 acuenda)
839 3789 1193 3869 οὶκούεοιςκοιτοιφρονήοει

188 3919 241 3985 τῆς
271 3911 343 3987 ἐμῆς
372 3909 566 3991 φιλοσοφίοιςε
597 3915 741 3993 „oportet
761 3930 811 3974 mc
842 3914 896 3970 aut
922 3928 992 3970 vera
1015 3905 1115 3969 dicere
1139 3911 1194 3968 aut

189 4029 266 4093 ferre
296 4029 322 4094 si
353 4029 421 4113 quis
444 4049 580 4095 rumores
603 4015 730 4094 audieus
752 4048 850 4093 meam
873 4024 1098 4115 philosophiam
1125 4044 1195 4088 cou-

189 4158 293 4217 temna
308 4148 337 4214 .”
