2746 4950
646 353 708 413 220

177 558 248 622 culo
280 560 379 639 tertio)
418 559 568 623 ferrentur
599 561 752 631 Πλάτωνος
782 562 926 642 διαιρέσεις
958 563 1088 647 spurias
1113 587 1195 642 esse3

177 677 385 763 Philoponus,
417 680 470 762 qni
502 679 640 742 ducentis
664 680 794 765 amplius
810 681 897 744 annis
913 688 983 765 post
998 682 1101 759 vixit,
1120 683 1196 748 dicit

177 793 290 859 librum
326 796 462 860 Platonis
495 797 551 860 hoc
583 798 676 861 titulo
708 821 745 862 ne
778 807 892 863 exstare
927 799 1078 882 qnidem;
1104 803 1195 867 ambo

177 914 307 999 denique
331 915 486 1000 probabile
510 917 699 993 existimant,
721 918 867 999 διαιρέσεις
883 918 1061 982 referendas
1075 943 1142 984 esse
1155 921 1194 984 ad

177 1033 217 1096 τα
240 1031 370 1113 ἄγραφα
392 1033 549 1110 δόγματα,
569 1057 646 1117 qnae
664 1035 842 1099 Aristoteles
857 1035 985 1118 (aliusve
998 1037 1194 1121 auditorum)

177 1174 193 1215 e
225 1149 360 1214 Platonis
392 1151 503 1215 scholis
533 1153 739 1237 excerpsisset.
786 1153 937 1218 Ultimum
969 1156 1027 1218 hoc
1064 1166 1195 1241 apparet

178 1271 390 1356 econjectnra
413 1271 502 1356 poni,
535 1272 616 1336 unde
640 1272 715 1337 effici
740 1281 856 1358 potest,
881 1274 1008 1358 opinor,
1039 1289 1193 1340 neutrum

175 1388 299 1453 illorum
319 1388 484 1467 librorum,
510 1413 565 1455 nec
584 1391 728 1470 διαιρέσεις
751 1413 850 1475 neque
873 1392 1005 1475 ἄγραφα
1023 1393 1192 1472 δόγματα,

176 1507 238 1570 illis
261 1509 418 1592 cognitum
443 1509 545 1573 firisse.
666 1578 672 1587 ⁶

221 1625 401 1690 Brandisius
424 1630 465 1711 (p.
485 1630 536 1712 12)
560 1629 703 1712 opinatur
719 1629 913 1692 Aristotelem
930 1636 999 1700 ταῖς
1019 1629 1192 1710 διαιρέσεσιν

178 1745 348 1830 intelligere
382 1745 494 1810 librum
525 1769 543 1809 a
573 1770 605 1811 se
635 1747 782 1832 seriptum
804 1747 867 1826 περὶ
890 1748 1042 1831 τάγαθοῦ,
1068 1750 1105 1813 in
1129 1773 1192 1834 qno

179 1864 296 1928 scholas
319 1864 456 1929 Platonis
473 1867 661 1951 exposuisset
684 1873 714 1929 et
736 1887 867 1950 qnorum
891 1873 1009 1950 partem
1032 1867 1192 1932 efficerent

178 1984 334 2062 διαιρέσεις.
366 1984 403 2048 Id
426 1994 528 2049 tamen
553 2007 588 2049 ex
611 1985 678 2069 ipso
700 1984 793 2048 titulo
816 2007 923 2070 parum
946 1994 992 2048 est
1015 1985 1190 2070 probabile,

179 2110 209 2167 et
231 2111 385 2189 praeterea
407 2104 517 2167 notitia
539 2104 610 2168 libri
632 2104 695 2182 περὶ
719 2105 850 2180 τάγαθοῦ
874 2104 963 2167 etiam
985 2104 1139 2174 incertior
1157 2117 1192 2171 et

178 2222 334 2287 obscurior
356 2232 402 2287 est
425 2246 516 2309 qnam
539 2223 700 2307 διαιρέσεις,
725 2230 761 2286 nt
783 2244 854 2286 mox
876 2222 1045 2288 ostendam.

200 2354 205 2360 ’
223 2341 392 2407 Snckovius
415 2342 540 2408 eandem
561 2343 754 2428 amplectitur
769 2364 861 2427 qnam
877 2342 1050 2407 Alexander
1065 2352 1191 2410 senten·

178 2462 270 2539 tiam,
295 2468 431 2526 statuens
454 2469 521 2534 ταῖς
544 2462 707 2542 διαιρέσεσιν
729 2461 943 2545 intelligendas
972 2461 1191 2548 essedisputa-

177 2580 277 2644 tiones
300 2603 318 2644 a
340 2579 468 2645 Platone
491 2581 523 2644 in
547 2580 658 2645 scholis
681 2579 815 2657 habitas,
832 2601 907 2664 quas
923 2579 1108 2644 Aristoteles
1125 2581 1191 2667 ipse

179 2698 238 2764 sibi
253 2699 364 2763 chartis
382 2699 564 2764 mandasset.
580 2701 603 2783 ι)
627 2697 742 2762 Contra
755 2720 848 2782 quam
871 2697 1047 2783 opinionem
1069 2698 1105 2762 id
1122 2708 1190 2764 tan-

180 2829 246 2885 tum
269 2817 570 2883 animadvertendum
598 2816 710 2895 habeo,
734 2815 833 2880 verbis
848 2816 979 2897 καέιέιιερ
1013 2817 1191 2883 Πλαταιέα

179 2946 246 3010 ταῖς
273 2938 424 3017 διαιρέσεσι
448 2936 605 3002 manifeste
636 2935 798 3022 significari
828 2936 942 2999 librum
964 2934 1012 2998 vel
1037 2958 1192 3002 commen-

179 3059 292 3123 tarium
315 3057 452 3122 Platonis
475 3057 597 3121 nomine
620 3055 753 3132 editum,
779 3055 841 3118 sive
865 3054 992 3138 abipso
1017 3062 1097 3119 esset
1122 3080 1192 3142 pro

180 3180 277 3244 fectus
300 3179 363 3242 sive
386 3178 423 3242 ab
447 3177 550 3261 aliquo
573 3176 749 3240 auditorum
764 3198 781 3239 e
795 3174 933 3258 magistri
948 3173 1060 3238 scholis
1076 3176 1194 3240 confla·

180 3306 249 3375 tus;
272 3319 334 3360 non
357 3318 427 3360 vero
450 3295 698 3359 commentarium
721 3295 867 3377 aliquem,
892 3315 982 3376 quem
1006 3292 1193 3359 Aristoteles

182 3441 198 3482 e
221 3416 357 3501 magistri
381 3438 431 3478 ore
455 3422 615 3499 exceptum
635 3435 705 3476 suos
721 3413 753 3476 in
770 3435 846 3476 usus
861 3411 1041 3495 scripsisset.
1077 3411 1152 3477 Hoc
1169 3415 1196 3478 si

187 3583 354 3598 ffl-

215 3680 239 3740 1)
256 3679 370 3734 Sfickow,
389 3675 466 3725 Ueber
482 3676 520 3724 (lie
536 3675 599 3724 wisa.
616 3690 640 3723 u.
657 3672 746 3722 kunstl.
765 3672 838 3721 Form
855 3671 897 3721 der
913 3671 1009 3720 Platon.
1020 3671 1087 3719 Schr.
1112 3673 1196 3724 Verba

182 3776 233 3825 eins
249 3780 305 3824 sunt
321 3774 390 3832 haec,
408 3789 432 3837 p.
449 3770 494 3823 97:
513 3770 609 3830 „Daher
626 3769 700 3819 bleibt
717 3785 763 3818 nns
780 3784 825 3817 nur
842 3768 880 3816 die
897 3768 1021 3817 Annahme
1039 3767 1127 3831 abug,
1141 3770 1196 3820 dass

182 3872 323 3922 Aristoteles
345 3871 369 3919 in
384 3869 456 3932 jenen
474 3869 571 3919 Wortcn
589 3867 632 3916 aul
645 3865 782 3915 miindliehe
800 3866 918 3927 Vortrtge
935 3862 1033 3911 Platona
1051 3863 1100 3911 nnd
1123 3865 1196 3914 dabei

182 3968 288 4033 augleieh
312 3968 355 4017 aul
378 3965 442 4015 aeine
468 3966 549 4029 eigene
572 3954 721 4014 schriltliche
748 3961 929 4024 Antaeichnnng
952 3958 1090 4018 desselben,
1119 3960 1196 4012 deren

183 4064 312 4115 theilweise
339 4063 474 4128 Erhaltnng
497 4063 540 4111 wir
572 4063 626 4111 dem
655 4060 774 4124 Diogenes
805 4056 915 4107 Latitiae
938 4054 1088 4114 verdanlren‚
1112 4055 1199 4124 hiuge

183 4161 267 4210 wiesen
284 4158 369 4209 habe.'’
