2746 4950
629 403 630 407 ,
661 347 722 407 109

188 550 220 628 ἥν
250 576 321 617 τοτε
351 551 537 627 κατέστησαν
555 549 592 617 >ot
616 552 738 634 σατὲρες
763 554 840 632 ὑμῶν
864 554 902 626 είς
925 553 1045 636 ἀτορίαν
1067 553 1195 627 ἔλίοντες

187 673 239 744 τὴν
263 662 403 749 bracar,
428 670 486 735 τόθ’
509 667 556 735 ὅτε
583 669 705 744 κίνδυνος
729 672 842 750 ἐγένετο
865 669 991 752 ἔσχατος
1015 675 1136 756 Σικελίᾳ
1157 684 1193 756 τῇ

186 795 241 853 τῦν
262 789 406 864 Ἑλλήνων
431 789 485 853 ῦτδ
507 789 705 883 Καρχηδονίων
727 787 892 855 ἀνάστατον
918 788 985 866 &aar
1008 791 1194 873 ἐκβαρβαρω-

186 907 283 971 ίεῖσαν
305 905 448 984 γενέσθαι.
472 905 557 986 Quid
579 906 677 971 verbis
700 905 860 984 ἔνγγενεία
882 907 939 985 μία
961 907 1119 980 διίιτὲοιινς
1136 910 1194 993 sig·

186 1026 326 1090 nificetur
349 1027 489 1112 conjectu
511 1025 633 1090 difficile
656 1033 750 1104 esset,
767 1027 827 1091 nisi
838 1048 885 1091 rcs
896 1026 1053 1092 indicaret.
1077 1027 1194 1091 Intelli-

186 1145 270 1229 gitur
299 1168 408 1231 nempe
434 1145 502 1209 hoc.
538 1145 608 1226 Quo
631 1154 767 1232 tempore
790 1154 890 1210 metus
913 1154 977 1212 erat
1001 1169 1039 1211 ne
1062 1153 1128 1210 tota
1149 1145 1193 1210 si-

187 1265 258 1328 cilia
284 1287 302 1328 a
326 1263 628 1349 Carthaginiensibus
652 1266 884 1351 opprimeretur,
910 1266 988 1330 cives
1012 1265 1193 1351 Syracusani

186 1383 349 1468 imperium
378 1383 563 1448 mandarunt
585 1384 705 1448 duobus
729 1385 802 1449 viris
826 1374 1020 1470 propinquis,
1045 1383 1192 1469 Dionysio

186 1508 217 1566 ct
245 1502 434 1589 Hipponoo,
458 1502 539 1568 unde
563 1505 628 1568 nati
651 1504 817 1590 Dionysius
841 1511 871 1567 et
890 1502 1079 1588 Hipparinus
1093 1502 1193 1587 junio-

185 1644 243 1685 res.
289 1621 379 1686 Hanc
409 1623 504 1707 igitur
534 1624 707 1709 principum
738 1623 884 1688 familiam
914 1621 989 1686 dicit
1017 1620 1191 1698 ξογγενείαν

184 1742 274 1819 μίαν;
299 1741 374 1813 scite
389 1749 491 1806 autem
507 1741 606 1806 addit:
623 1743 670 1808 διῖι
684 1743 784 1814 τέλους
800 1740 902 1822 ἀρχει,
913 1747 1056 1824 perpetuo
1071 1747 1172 1822 νιριιαί
1179 1789 1189 1818 ,

185 1858 274 1923 ambo
297 1859 412 1923 scilicet
433 1883 527 1945 regno
550 1884 645 1947 paene
668 1861 782 1926 orbati!
829 1860 885 1924 Est
908 1859 986 1924 illud
1003 1859 1189 1923 abstractum

183 2001 239 2063 pro
270 1985 427 2056 concreto,
459 1980 542 2064 quod
572 1978 703 2056 dicitur,
736 1979 808 2042 satis
836 1979 965 2056 durum3
989 1976 1088 2041 simile
1110 1977 1168 2042 hoo
1178 2027 1188 2056 ,

185 2096 282 2182 Epist.
308 2096 386 2175 VII,
410 2120 440 2183 p.
458 2100 522 2161 344
538 2098 584 2161 D:
609 2100 647 2171 είς
671 2099 816 2178 ἀναρχίαν
839 2097 888 2162 καί
904 2097 1064 2175 ἀτρειιείαν
1081 2095 1190 2174 εἰιβοίλ-

184 2230 261 2298 arra,
284 2215 315 2280 h.
340 2239 366 2279 e.
391 2215 531 2301 evulgare
553 2218 585 2280 in
605 2216 662 2280 ον’ίο
676 2218 783 2298 cabaa
820 2214 1052 2279 Animadvertas
1068 2237 1189 2299 quoquc

184 2335 340 2398 cumulata
370 2334 520 2419 epitheta:
552 2336 592 2407 είς
621 2333 741 2414 ἀτορίαν
771 2336 832 2408 τὴν
867 2333 1033 2409 ἀτάσαν,
1068 2334 1190 2405 κίνδυνος

183 2455 356 2534 ἔσχατος,
374 2454 540 2520 ἀνάστατον
559 2451 642 2528 &aaa
661 2448 932 2533 ἕκβαρβαράίεῖσαν
948 2453 1091 2529 γίνεσθαι.
1116 2454 1188 2516 Am·

183 2573 294 2659 pullae.
326 2572 462 2637 Verbum
491 2579 592 2636 autem
615 2570 820 2652 εἀβαρβαρίω,
845 2571 901 2634 etsi
924 2594 1032 2655 perse
1056 2571 1189 2648 bonum,

183 2690 266 2775 apud
288 2691 447 2755 Platonem
469 2713 532 2754 non
554 2690 677 2775 legitur.

227 2809 355 2894 Pinguis
392 2817 422 2874 et
453 2810 591 2895 adipatae
622 2809 764 2873 dictionis
795 2808 967 2893 exemplum
997 2807 1085 2871 offert
1115 2808 1188 2871 hacc

182 2930 334 2995 sententia
355 2954 385 3015 p.
410 2933 473 2994 353
498 2930 544 2994 D:
568 2935 615 2995 νῦν
637 2930 772 2995 δ’ἐννοεῖν
801 2929 878 3007 ὑμαῖς
898 2929 1079 3011 ἀμφοτέρους
1098 2929 1198 3009 χρεὼν·

182 3051 231 3114 καὶ
260 3050 543 3128 ἀναμιμνήσκεσίαι,
575 3047 696 3120 τοσάκις
725 3047 869 3112 ε’νὲλτιδι
893 3046 1017 3129 ἐιιάτεροι
1041 3046 1186 3124 γεγίνατε

181 3174 232 3233 τοῦ
262 3175 309 3233 νῦν
338 3166 441 3232 οίεσίαι
471 3167 574 3249 σχεδὸν
603 3168 651 3232 ἀεί
678 3191 752 3237 τινος
774 3170 891 3244 σμικροῦ
914 3166 1034 3236 ἐπιδεεῖς
1058 3162 1128 3231 είναι
1153 3167 1186 3230 τὸ

182 3289 225 3365 μὴ
254 3285 355 3353 τάντα
377 3287 457 3351 κατά
479 3291 540 3352 νοῦν
562 3285 709 3366 τράττειν.
756 3283 881 3364 Quanta
903 3284 998 3348 moles
1026 3283 1185 3348 verborum

182 3426 250 3488 pro:
274 3405 561 3483 ἀναμιμνήσκεσθαι,
585 3401 706 3476 τοσάκις
730 3404 759 3467 ἕν
782 3403 876 3467 ἑλπίδι
900 3404 941 3467 ἓν.
965 3402 1111 3481 γεγόνατε
1127 3403 1186 3487 (vel

181 3521 302 3595 τοσοίκις
325 3523 442 3608 aaran)
465 3528 512 3587 νῦν
535 3524 633 3600 ὄλιγοῦ
657 3521 713 3586 δεῖν
735 3520 836 3586 τάντα
863 3520 944 3585 κατὰ
967 3527 1027 3585 νοῦν
1053 3519 1184 3585 ἔσεσθαιι

180 3649 359 3726 „reputata,
391 3648 467 3727 quot
467 3642 509 3706 ies
537 3642 601 3726 jam
628 3663 712 3726 spem
736 3639 908 3724 conceperit
909 3639 934 3702 is
895 3640 1022 3703 tfore
1046 3646 1081 3702 ut
1104 3661 1186 3703 nuno

181 3759 303 3824 demum
326 3760 428 3825 omnia
457 3782 493 3824 ex
524 3759 617 3824 animi
649 3765 768 3822 sentent
769 3759 799 3822 ia
822 3757 996 3822 evenirent?
997 3757 1187 3842 ’Elegans

164 3877 296 3942 scilicet
334 3877 627 3956 circumlocutio,'
612 3903 640 3943 εν
679 3876 771 3941 ἑλπίδι
805 3875 951 3954 γεγόνατε
985 3879 1035 3940 τοῦ
1069 3874 1183 3940 οίεσίαι.

181 3994 260 4059 Tum
275 3995 379 4077 σχεδὸν
393 3996 454 4072 ἀεί,
479 4019 575 4080 quum
590 3996 753 4080 praecessit
767 3992 909 4069 uocaus,
926 3993 1015 4078 plane
1031 3992 1182 4069 abundat,

181 4124 273 4199 atqua
303 4121 351 4180 νῦν
380 4115 458 4179 mala
488 4116 724 4200 transpositum,
752 4136 847 4197 quum
869 4112 1057 4177 referendum
1082 4114 1122 4176 sit
1145 4112 1182 4176 ad
