2746 4950
671 357 710 416 89

183 570 289 628 νεῦσον.
331 562 416 625 ldem
441 562 569 646 scriptor
592 561 807 629 animadvertit
829 583 898 624 cum
916 560 973 624 hoc
993 559 1130 624 Platonis
1148 559 1191 622 di-

181 689 232 745 cto
258 680 390 765 quaein
415 679 551 765 epistolis
577 679 724 764 leguntur
746 702 854 763 parum
873 679 1039 743 concinere.
1069 677 1188 757 Quodsi

180 799 347 883 quaeritur,
371 805 441 862 utre
462 797 584 862 illarum
606 797 815 861 narrationum
837 796 975 861 Platonis
998 819 1126 881 persone
1142 796 1188 860 di-

181 917 269 1002 gnior
292 916 419 1000 eiusque
442 916 609 980 sententiae
632 915 859 979 convenientior
879 915 932 992 sit,
957 915 1109 979 neminem
1125 916 1189 979 fore

152 1030 154 1034 ’
185 1042 275 1119 puto,
307 1034 383 1118 quin
415 1013 447 1097 id
479 1034 562 1117 quod
591 1033 776 1098 Plutarchus
798 1033 890 1097 refert
918 1033 955 1097 iis
978 1055 1055 1118 quae
1078 1034 1110 1097 in
1133 1033 1190 1097 hae

186 1152 316 1237 epistole
338 1153 484 1238 leguntur
507 1153 598 1237 longe
622 1152 868 1237 anteponendum
891 1153 1052 1217 existimet.
1067 1153 1091 1237 ¹)

226 1389 294 1454 Jam
319 1390 357 1453 ad
381 1391 502 1475 singule
531 1390 677 1474 quaedem
711 1390 912 1455 attendamus.
958 1391 1089 1455 Initium
1112 1389 1189 1455 focio'
1291 1433 1294 1439 -

182 1509 220 1572 eb
244 1509 384 1586 exordio,
409 1509 491 1593 quod
515 1509 559 1572 sic
574 1532 607 1572 se
621 1508 730 1573 hebet:
754 1508 881 1575 Πλούτων
897 1495 1031 1590 ΔιοννσίιρΙ
1045 1510 1191 1592 χοιίρειν

182 1627 369 1711 ε’πιστείλοος,
400 1623 445 1706 ἄρ’
476 1629 555 1708 ὀρθῶς
583 1626 620 1691 θον
642 1629 822 1708 τυγχάνοιμι
849 1637 900 1703 τής
923 1629 1084 1706 βελτίστης
1108 1653 1192 1709 προσ-

181 1748 303 1826 ρήσεως;
339 1747 501 1824 ήριῑιλλον
530 1746 610 1812 κοιτίι
639 1749 690 1821 τήν
724 1749 796 1824 ἐμήν
826 1748 975 1823 συνηθείαιν
1005 1748 1129 1831 γρίφων
1152 1745 1191 1814 εύ

182 1890 206 1928 π
212 1863 371 1947 ροίττειν,
387 1863 480 1944 ὥσπερ
496 1863 580 1930 είωθοι
594 1866 623 1929 ἐν
637 1872 704 1936 τοῖς
720 1868 887 1938 ἐπιστολαῖς
905 1868 970 1941 τοὺς
986 1868 1091 1950 Φίλιος
1107 1892 1190 1948 προσ·

182 1984 343 2063 moretum
370 1984 412 2048 ’σὺ
446 1985 499 2061 μὲν
526 1985 584 2063 ηίιρ
614 1984 647 2059 δή
677 1982 726 2050 uel
756 1984 805 2050 τὸν
834 1985 910 2061 θεὸν,
937 1987 974 2057 ύς
998 1987 1144 2064 ήγγειλοιν
1165 1988 1191 2051 οἱ

181 2102 250 2168 τότε
272 2103 452 2185 θεωροῦντες,
485 2111 636 2183 προσεῖπες
658 2107 687 2169 ἐν
710 2111 842 2186 Δελφοῖς
866 2107 944 2186 οιύτῷ
966 2105 1057 2186 τούτῳ
1080 2107 1188 2171 θωπεύ-

182 2245 238 2293 σοις
262 2225 301 2302 τῷ
323 2223 431 2304 ῥήμοιτι
454 2222 503 2286 ιιοιί
527 2223 705 2306 γένροιφοις,
730 2225 766 2295 ὡς
788 2223 884 2306 φοιοί,

298 2348 399 2423 Χοοῖρε,
423 2340 473 2405 uel
496 2339 626 2419 ἡδόμενον
648 2342 745 2420 βίοτον
767 2342 887 2423 διοίσωζε
908 2342 1051 2423 τνροίννον.

184 2460 242 2536 ἐγὼ
270 2459 299 2523 δὲ
328 2459 384 2524 οὐδ’
406 2460 539 2540 οὲνθρθπιρ,
568 2461 687 2536 κλήσει,
719 2463 760 2538 μή
787 2460 829 2526 θτι
858 2462 891 2537 δή
919 2464 986 2545 θεῷ,
1011 2478 1191 2542 ποοροιιιελεν-

181 2578 290 2655 σοιίμην
312 2577 349 2643 ίιν
371 2579 437 2659 δρῖιν
459 2584 561 2657 τοῦτο,
588 2581 639 2660 θεῷ
661 2579 730 2664 μὲν,
761 2577 804 2645 θτι
826 2581 907 2662 πωρθι
929 2581 1018 2662 Φύσιν
1040 2582 1187 2663 προστήσ-

180 2700 255 2774 τοιρι’
285 2695 321 2761 θον
351 2696 449 2781 (πίρῥω
479 2697 537 2781 γὰρ
569 2698 665 2774 ήθονής
694 2696 805 2779 ίθρντοιι
836 2700 884 2764 κοοί
915 2701 1010 2774 λύπης
1034 2701 1067 2766 τὸ
1089 2703 1187 2785 θεῖον),

183 2816 315 2895 οίνθρθπιρ
338 2815 380 2898 δὲ,
405 2814 447 2880 θτι
470 2817 511 2881 τίι
535 2818 634 2882 πολλοὶ
656 2817 779 2895 βλύβην
802 2819 883 2893 ἡδονή
907 2818 956 2882 rel
979 2818 1057 2893 λύπη
1082 2827 1187 2904 γεννᾷ,

184 2933 345 3011 δνσροοιθίοιν
367 2935 415 2999 κοιί
440 2936 526 3009 λήθην
556 2937 605 3000 κοοί
638 2937 800 3019 οὶφροσύνην
823 2937 872 3001 κού
899 2936 978 3020 ύβριν
999 2939 1139 3004 τίκτουσιν
1161 2942 1190 3004 ἐν

184 3063 221 3134 τή
252 3059 356 3134 ψυχή.
388 3053 437 3117 κοιί
467 3060 566 3119 τοῦτον
595 3058 648 3134 μὲν
675 3053 761 3128 ούτως
791 3057 904 3135 εἰρήσθω
935 3061 1002 3137 ποιρ’
1032 3060 1102 3134 ἐμοῦ
1126 3057 1188 3139 περὶ
1212 3120 1215 3139 ,ρ

183 3181 236 3247 τής
260 3173 446 3252 προσρήσεως.

229 3291 342 3377 Incipit
365 3315 383 3355 a
405 3291 599 3356 salutatione.
645 3293 729 3358 Dicit
743 3288 784 3358 'se
813 3294 903 3360 malle
932 3318 989 3359 suo
1013 3318 1095 3359 more
1118 3296 1190 3360 Dio-

184 3412 302 3496 nysium
327 3411 460 3495 alloqui,
491 3433 554 3475 non
577 3413 668 3477 verbo
691 3413 816 3494 χαίρειν,
841 3414 894 3478 sed
917 3415 1019 3499 potius
1042 3412 1073 3479 εὖ
1096 3416 1188 3494 προίτ-

184 3558 261 3614 τειν,
286 3531 369 3617 quod
391 3532 450 3617 ipsi
473 3531 631 3597 decentius
654 3533 806 3612 videatur,
831 3534 1085 3631 reprehenditque
1100 3534 1188 3599 illum

184 3650 268 3735 quod
289 3672 351 3714 non
375 3649 466 3713 modo
489 3650 666 3730 familiares,
691 3651 743 3716 sed
766 3653 867 3738 ipsum
890 3652 1074 3737 Delphicum
1098 3653 1190 3717 deum

182 3792 255 3834 voce
276 3770 390 3863 χιιίρειν
412 3770 545 3834 salutare
568 3793 660 3835 ausus
684 3778 779 3849 esset;
805 3772 945 3839 videlicet
966 3773 1000 3837 τὸ
1014 3773 1127 3853 χωίρειν
1144 3797 1189 3837 ae·

181 3911 242 3973 que
276 3887 449 3952 hominibus
481 3888 661 3953 damnosum
692 3897 783 3974 atque
814 3914 831 3954 a
862 3891 918 3955 deo
950 3891 1083 3955 alienum
1113 3915 1187 3956 esse.

218 4146 241 4206 1)
258 4145 325 4195 Idem
342 4145 510 4199 animadvertit
527 4146 692 4217 Wiegendius,
709 4146 734 4197 in
751 4148 832 4216 Symb.
850 4148 911 4204 erit,
929 4149 958 4201 de
974 4149 1051 4220 Epist.
1069 4150 1103 4200 II.
1120 4165 1144 4219 p.
1164 4149 1187 4199 8.
