2746 4950
662 353 702 414 59

181 564 252 640 ἐμὴν
274 559 373 638 δόξαν,
397 561 505 637 τὸμὲν
528 561 589 642 περὶ
614 566 668 625 τῶν
691 559 756 625 νέων
779 557 834 634 έπν
857 559 928 624 ποτὲ
950 555 1183 638 γενήσοιτο-εἷχε

179 681 287 763 φόβος,
302 732 309 746 .
324 731 351 745 ..
382 681 415 744 τὸ
443 681 471 745 δέ
502 680 606 751 Δι’ωνος
637 676 698 756 ἦθος
728 678 896 756 ἠπιττοέμνν
919 687 971 752 τῆς
996 685 1098 758 ψυχῆς
1121 677 1184 756 πέρι

179 801 267 880 Φύσει
290 825 323 864 τε
343 800 472 879 ἐμβριθὲς
494 797 522 863 ὃν
544 808 596 874 τῆς
618 824 652 863 τε
675 800 788 874 ἡλιαίας
810 797 860 874 ἤδη
883 798 1004 876 μετρίως
1019 797 1106 878 ἔχον.
1125 794 1183 861 ὅθεν

180 944 227 997 μοι
261 917 442 997 σκοπουμένῳ
473 917 522 983 καὶ
557 916 728 999 διστάζοντι,
764 916 878 997 πότερον
912 915 954 991 εἴη
984 915 1131 996 πορευτέον
1163 915 1180 990 ἢ

181 1044 258 1111 πῶς,
289 1035 364 1114 ὅμως
395 1037 493 1117 ἔρρεψε
520 1037 591 1111 δεῖν,
628 1035 655 1101 sl
682 1035 752 1101 ποτέ
781 1061 825 1107 τις
855 1036 896 1100 τοὶ
919 1033 1097 1110 διανοηθέντα
1120 1034 1182 1113 περὶ

180 1157 271 1234 νέμων
293 1181 327 1221 τε
349 1155 398 1220 καὶ
421 1157 570 1228 πολιτείας
595 1156 749 1221 οέποτελεῖν
772 1155 952 1235 ἐγχείρνοοι,
978 1153 1028 1219 καὶ
1052 1158 1099 1219 νῦν
1122 1177 1182 1218 πει·

181 1277 278 1356 ρατέον
300 1272 379 1342 εἶναι.

226 1395 328 1476 Quam
350 1417 457 1481 parum
472 1401 611 1458 accurate
631 1401 733 1457 noster
751 1394 883 1478 cogitata
898 1393 1056 1457 enuntiare
1077 1392 1185 1456 solitus

182 1516 221 1579 sit
249 1514 385 1599 exemplo
415 1523 487 1578 sunt
522 1513 623 1577 denuo
653 1513 751 1597 prima
778 1511 884 1576 verba:
909 1513 971 1587 τὴν
995 1511 1118 1589 δ’ἕμέρν
1141 1508 1188 1575 δέ·

183 1633 249 1711 ξαν
282 1673 327 1682 -
361 1629 426 1714 εἶχε
459 1632 569 1716 Φόβος,
602 1655 657 1717 pro
691 1633 752 1709 ε’μὲ
785 1632 1024 1709 σκοπούμενον
1054 1624 1187 1709 -εἶχε

185 1752 294 1835 ψέβοςε
319 1775 381 1817 non
404 1752 483 1817 enim
511 1752 685 1836 opinionem
708 1750 837 1815 alicuius
860 1749 976 1814 invadit
998 1757 1111 1826 metm,
1136 1746 1186 1812 sed

184 1873 265 1958 ipsos
301 1872 467 1956 cogitantes
494 1878 594 1935 metus
626 1870 718 1934 subit.
761 1872 867 1954 Aeque
894 1868 1004 1954 putida
1037 1868 1190 1953 periphra
1235 1910 1247 1923 -

185 1991 226 2054 sis
261 1998 308 2055 est
340 1991 373 2055 in
406 1990 504 2076 Epist.
528 1989 599 2067 HI,
623 2012 653 2075 p.
684 1992 746 2055 317
772 1989 815 2053 E:
847 1991 884 2060 ως
907 1992 924 2066 ἡ
947 1986 1095 2066 §paracta
1117 2010 1190 2064 μαν-

183 2109 312 2176 τεύεται.
359 2109 398 2173 In
426 2109 624 2194 sequentibus
646 2108 737 2173 verba
755 2115 807 2182 τῆς
834 2115 936 2190 ψυχῆς
957 2109 1018 2188 πέρι
1024 2157 1033 2186 ,
1057 2109 1134 2193 qco'd
1151 2109 1193 2171 ad

184 2231 311 2294 animam
326 2230 430 2294 οοοοιιοο
436 2279 445 2308 ,
462 2230 564 2314 inepte
580 2236 610 2293 et
625 2251 715 2314 prave
731 2251 795 2293 esse
810 2235 912 2292 assuta
928 2227 996 2311 quis
1011 2248 1074 2319 non
1085 2226 1187 2289 statim

185 2347 419 2413 animadvertit?
446 2347 479 2411 Si
501 2370 570 2412 vero
594 2370 663 2412 cum
684 2347 836 2432 plerisque
857 2345 1011 2410 codicibus
1033 2345 1191 2410 omittatur

186 2468 368 2534 vocabulum
383 2462 459 2546 ἦθος,
477 2468 568 2532 etiam
583 2468 668 2552 peior
683 2469 718 2532 fit
729 2467 889 2531 verborum
901 2465 1096 2529 constructio.
1120 2463 1191 2528 Pos-

185 2593 297 2664 trema,
322 2585 420 2667 ἕρρεψε
442 2586 498 2650 δεῖν
520 2625 565 2634 -
587 2586 733 2667 πειρατέον
756 2583 844 2664 εἶναι,
876 2608 938 2649 non
960 2606 1023 2648 nno
1052 2582 1191 2647 laborant

187 2705 278 2768 vitio:
310 2705 365 2770 δεῖν
397 2714 459 2770 tam
483 2705 611 2770 absurde
635 2704 770 2770 abundat
798 2712 834 2769 ut
856 2703 959 2790 potius
983 2702 1103 2767 credam
1127 2724 1189 2766 esse

186 2823 301 2888 scribae
328 2824 448 2910 lapsum
478 2847 533 2910 pro
556 2824 661 2902 δοκεῑνς
694 2823 747 2888 sed
769 2823 868 2905 ἔρρεψε
891 2821 1090 2907 impersonale
1111 2821 1190 2906 posi·

186 2954 253 3008 tum
276 2943 408 3019 insolens
436 2950 489 3007 est.
529 2943 596 3007 v‘Pro
619 2943 677 3008 hoc
700 2922 762 3007 dici
784 2948 979 3027 oportuerat:
1003 2965 1050 3018 μοι
1073 2964 1191 3006 τοιοποο-

186 3061 260 3142 μένῳ
274 3113 280 3127 .
296 3111 325 3127 ..
349 3063 463 3143 ἔρρεψεν
480 3065 495 3137 ἡ
512 3063 613 3138 γνωμέρ
632 3062 678 3126 ε’πὶ
695 3061 729 3126 τὸ
744 3061 832 3125 δοκεῖν
852 3058 998 3152 πειρατέον
1009 3055 1097 3136 εἶναι,
1118 3058 1192 3141 copi·

188 3181 266 3244 tacti
281 3181 352 3244 mihi
367 3180 482 3245 animos
496 3180 695 3245 inclinantia
710 3203 772 3245 cam
787 3180 963 3262 opinionem,
975 3201 1035 3243 πονο
1047 3179 1191 3260 emperico-

187 3301 254 3362 dam
276 3321 344 3362 csse.

232 3417 307 3481 Mox
332 3417 483 3481 rhetorico
510 3417 635 3481 artificio
658 3440 720 3481 rem
744 3423 840 3481 ornat.
864 3415 969 3499 Pingit
991 3414 1120 3479 Dionem
1144 3437 1192 3478 ex·

187 3537 283 3601 sulem
314 3537 351 3600 ad
379 3560 410 3601 se
434 3537 597 3621 confugere
619 3544 649 3601 et
671 3536 719 3629 hvis
741 3536 838 3600 verbis
862 3558 893 3599 se
916 3534 1047 3619 alloqui,
1071 3557 1101 3618 p.
1126 3536 1190 3597 328

186 3656 231 3719 D:
258 3651 310 3721 Ὦ
339 3654 480 3736 Πλατων,
512 3654 569 3731 ἥκω
600 3680 640 3720 σοι
671 3655 790 3736 ψυγέας,
821 3656 879 3735 οὐχ
910 3655 1033 3718 έπιιιτῶν
1058 3652 1192 3731 δεόμενος

186 3775 242 3840 οὐδ’
268 3773 378 3839 ἱππέων
408 3775 500 3849 ἐνδεὴς
530 3775 681 3853 γενόμενος
710 3780 761 3838 τοῦ
784 3772 950 3849 οὶμύναοέαι
972 3773 1037 3842 τοὺς
1061 3772 1191 3853 ἐχθροὺς,

187 3894 271 3958 αλλὰ
300 3893 396 3970 λόγων
425 3893 474 3957 καὶ
506 3894 627 3964 πειθοῦς.
673 3892 827 3957 Lubenter
853 3891 930 3955 fictis
954 3890 1140 3954 orationibus
1164 3897 1194 3953 et

189 4013 348 4096 colloquiis
370 4012 642 4098 Epistolographus
665 4018 767 4076 noster
789 4007 981 4094 scriptionem
997 4016 1099 4086 ornat,
1117 4031 1194 4092 qnae

189 4155 260 4197 sane
291 4132 444 4217 egregium
475 4154 612 4217 campum
643 4132 757 4196 rhetori
788 4130 960 4217 aperiebant
986 4134 1079 4194 artem
1108 4150 1193 4192 suam
