2746 4950
659 356 719 415 l40

229 559 539 624 Animadvertendum
555 562 585 624 in
602 563 750 640 transitu,
768 584 859 645 quam
876 569 1015 626 accurate
1031 563 1101 642 hic,
1115 565 1189 628 sieut

184 686 272 741 antea
302 679 333 742 in
356 679 527 743 narratione
550 679 677 744 secundi
698 681 831 758 itineris,
855 703 958 745 omnes
982 681 1121 746 rationes
1144 706 1188 746 ex·

185 796 292 880 plicet,
317 820 395 880 quae
417 798 475 861 iter
499 799 651 883 suscipere
672 799 850 877 suaderent,
873 799 1018 863 nimirum
1043 811 1083 863 ut
1111 801 1189 864 omni

183 915 239 978 hac
261 916 294 979 in
317 939 348 979 re
372 917 550 980 temeritatis
574 918 665 1002 culpa
685 918 773 981 Plato
798 918 950 982 liberetur.

134 1080 137 1085 ψ
228 1036 392 1120 Dionysius
424 1043 487 1100 erat
511 1036 701 1115 adolescens,
733 1045 769 1101 ut
792 1037 883 1114 dicit;
919 1037 1025 1120 itaque
1061 1039 1189 1102 simulac

183 1155 282 1232 venit,
300 1156 407 1219 statuit
423 1155 555 1219 animum
568 1156 633 1220 eius
650 1156 813 1241 explorare.
838 1154 895 1219 Sed
914 1156 974 1219 cito
994 1156 1108 1219 fefellit
1125 1180 1189 1220 eum

183 1297 266 1359 spes:
299 1274 465 1358 Dionysius
495 1275 535 1340 rol
566 1276 697 1352 μέγιστον
731 1276 830 1340 εἰδέναι
853 1301 886 1340 τε
908 1276 957 1340 cal
981 1277 1089 1348 ἱκανῶς
1113 1277 1187 1358 ἔχειν

183 1400 384 1471 προσεποιεῖτο.
401 1391 580 1456 Monetium
596 1394 726 1472 rescivit,
744 1417 813 1457 eum
826 1394 937 1457 librum
952 1395 1113 1479 scripsisse
1127 1419 1190 1459 con·

183 1501 327 1574 tinentem
345 1533 379 1573 ea
395 1532 473 1594 quae
489 1510 642 1595 quondam
662 1535 697 1575 ex
717 1512 843 1575 Platone
863 1510 1016 1590 audisset,
1046 1523 1188 1598 corrupta

182 1635 283 1691 tamen
307 1634 337 1691 et
360 1627 541 1707 deformata,
566 1630 702 1693 συνθέντα
725 1632 761 1700 ὡς
784 1631 871 1694 αὑτοῦ
894 1631 1018 1710 τέχνην,
1044 1632 1125 1696 οὐδὲν
1136 1637 1187 1696 τῶν

182 1749 276 1812 αὐτῶν
292 1743 327 1811 ὧν
342 1746 436 1811 ἀκούοι
452 1749 493 1832 (p.
511 1751 572 1811 341
593 1748 638 1832 B).
670 1747 762 1828 Quod
777 1748 828 1811 ille
844 1748 948 1812 multis
972 1749 1074 1813 verbis
1091 1773 1186 1835 repre·

161 1863 299 1928 *uendit
345 1864 442 1929 Paulo
466 1874 534 1951 post
557 1867 637 1930 inter
659 1866 762 1930 ambos
786 1866 941 1931 altercatio
966 1867 1067 1932 oritur
1084 1869 1125 1932 de
1141 1869 1188 1932 Di·

183 2005 249 2047 one.
288 1984 454 2068 Dionysius
485 1986 582 2049 vetuit
614 1985 705 2049 liuius
736 1993 945 2070 procuratores
974 1986 1007 2049 in
1032 1995 1188 2072 posterum

182 2102 298 2166 reditus
322 2125 462 2187 agrorum
486 2103 523 2167 ad
546 2104 675 2168 Dionem
699 2104 820 2167 mittere
844 2105 884 2188 (p.
910 2106 971 2167 345
993 2103 1041 2188 G).
1090 2105 1190 2169 Plato

182 2245 250 2286 nem
268 2222 336 2286 ideo
353 2222 433 2287 abire
449 2223 622 2308 cupientem
638 2230 784 2307 tyrannus
801 2223 897 2286 oravit
913 2231 949 2286 ut
965 2222 1002 2286 ad
1015 2223 1188 2308 proximum

183 2365 298 2405 annum
312 2351 462 2420 maneret;
486 2343 553 2420 ille,
567 2343 623 2406 etsi
639 2343 753 2406 invitus
761 2391 770 2420 ,
788 2349 889 2406 tamen
906 2342 934 2405 ei
949 2341 1188 2427 obtemperavit,

182 2483 305 2545 sperans
328 2484 438 2545 aequas
462 2461 650 2525 conditiones
674 2461 766 2524 Dioni
789 2483 820 2524 se
835 2461 1080 2545 impetraturum.
1108 2462 1189 2527 Hinc

180 2578 289 2662 longae
316 2580 524 2643 altercationes
547 2580 585 2644 de
612 2580 720 2644 Dionis
747 2579 996 2664 possessionibus.
1045 2579 1188 2646 Primum

182 2697 347 2782 Dionysius
376 2699 537 2784 pollicetur
565 2722 596 2762 sc
616 2699 724 2763 Dionis
751 2699 911 2783 pecuniam
940 2698 1092 2783 deponere
1113 2701 1190 2765 velle

181 2817 310 2881 Athenis
327 2818 404 2882 etin
420 2817 644 2902 Peloponncs0,
669 2841 703 2882 ea
726 2816 920 2896 condicione,
945 2826 981 2880 ut
997 2816 1089 2881 Plato
1108 2819 1190 2883 eius·

181 2959 240 3020 que
271 2937 360 3000 amici
389 2959 548 3021 sponsores
571 2945 687 3014 essent,
711 2959 751 2999 ne
774 2936 848 3019 quid
870 2935 930 2999 Dio
954 2942 1062 2998 contra
1084 2936 1190 3021 ipsum

177 3055 335 3119 moliretur
369 3057 409 3140 (p.
442 3058 505 3119 346
537 3057 563 3119 B
596 3058 684 3140 sqq.).
731 3055 790 3120 Hic
821 3079 883 3120 rem
917 3054 1026 3119 differt.
1077 3056 1191 3122 Postea

177 3174 342 3259 Dionysius
373 3199 503 3259 aequum
535 3199 599 3239 esse
630 3175 725 3254 dixit,
750 3182 786 3239 ut
809 3176 887 3240 bona
909 3175 988 3239 inter
1013 3182 1136 3260 patrem
1160 3185 1190 3242 et

176 3294 273 3357 filium
297 3294 503 3358 dividerentur
510 3321 519 3372 3
544 3317 636 3378 quare
660 3293 783 3379 praedia
806 3294 913 3358 Dionis
938 3316 969 3357 se
985 3294 1189 3360 venditurum

178 3420 208 3477 et
242 3412 398 3476 dimidiam
433 3414 578 3497 pecuniae
612 3420 729 3498 partem
763 3413 808 3476 illi
843 3412 1045 3477 redditurum.
1096 3413 1190 3479 Plato

178 3532 311 3596 oblatam
341 3531 546 3596 conditionem
574 3532 707 3616 accipere
735 3532 854 3595 noluit:
889 3554 952 3615 qua
982 3532 1014 3594 in
1045 3555 1080 3596 re
1112 3557 1190 3598 num

178 3649 335 3735 prudentis
360 3651 562 3735 procuratoris
586 3650 683 3714 officio
707 3650 830 3714 functus
854 3650 911 3728 sit,
936 3649 1080 3714 dubitare
1104 3652 1189 3717 licet.

178 3768 314 3832 Eventus
337 3768 411 3846 fuit,
436 3775 472 3832 ut
493 3769 659 3853 Dionysius
682 3769 761 3833 bona
776 3768 946 3832 vendiderit
962 3775 1073 3852 atque,
1098 3772 1190 3836 novis

178 3886 248 3950 inde
269 3887 378 3972 jurgiis
403 3889 493 3966 ortis,
518 3888 612 3951 Dioni
635 3887 720 3951 nulla
744 3889 889 3972 pecuniae
913 3910 980 3972 pars
1004 3887 1045 3951 sit
1065 3889 1190 3954 reddita

179 4007 219 4090 (p.
256 4007 318 4069 350
344 4006 391 4091 Β).
423 4005 538 4070 Eadem
561 4007 682 4071 brevius
706 4006 801 4071 relata
824 4006 921 4091 Epist.
949 4005 1018 4083 HI,
1046 4029 1078 4090 p.
1109 4012 1187 4073 318.

225 4124 306 4191 Dum
319 4125 407 4189 Plato
423 4124 579 4212 Syracusis
596 4133 746 4203 moratur,
762 4125 894 4210 erumpit
910 4124 1041 4188 militum
1062 4127 1186 4194 seditio.
