2746 4950
659 335 721 395 221
821 329 822 335 '

181 545 345 623 voluisset,
369 545 539 629 scripsisset
562 543 686 620 saltem,
710 543 834 627 opinor:
847 538 1188 622 καθέσερέισαῑςΠλσέ·

180 691 266 738 revoc
278 665 450 746 διαιρέσεσιν.
476 663 554 727 Cum
567 663 624 727 hoc
637 663 793 747 congruit,
807 661 890 746 quod
900 661 982 747 fugit
993 659 1186 725 Brandisinm

182 794 214 849 et
224 784 412 848 Suckovium
417 833 427 862 ,
441 782 523 867 quod
536 783 769 846 commentarius
782 780 887 846 eodem
898 782 991 845 titulo
1003 789 1039 844 ut
1051 779 1188 844 Platonis

181 905 296 968 citatur
318 905 351 967 in
374 903 452 966 Plat.
470 902 568 987 Epist.
581 899 665 964 XHI
672 950 682 979 ,
695 923 725 985 p.
739 902 802 964 360
816 900 859 964 B:
873 907 928 965 τῶν
945 925 979 965 σε
993 899 1189 979 Πυθαγορείων

182 1023 292 1101 πέμπω
315 1047 356 1087 σοι
379 1045 428 1086 και
442 1027 507 1086 τῶν
534 1020 751 1101 διαιρέσεαιι
777 1042 848 1104 ergo
871 1019 944 1083 huic
960 1041 1082 1104 quoque
1098 1019 1190 1104 scrip·

181 1142 243 1206 tori
273 1140 409 1204 innotuit
434 1139 511 1203 liber
533 1139 679 1220 διαιρέσεις
702 1138 867 1222 inscriptus
889 1137 1012 1201 Platoni
1034 1137 1187 1214 tributus;

183 1281 278 1342 quare
297 1256 431 1322 dubitari
444 1257 534 1321 credo
550 1279 612 1320 non
628 1278 731 1342 posse,
749 1256 823 1340 quin
840 1257 897 1321 sub
914 1253 1050 1320 Platonis
1067 1256 1189 1321 nomine

183 1377 254 1440 talis
277 1377 512 1441 commentarius
537 1376 609 1440 olim
633 1377 666 1440 in
690 1376 854 1440 Academia
876 1383 968 1440 notus
991 1376 1094 1441 fuerit.

229 1496 278 1560 Ad
309 1495 440 1560 eundem
465 1494 604 1560 libellum
627 1501 761 1598 spectare
784 1495 861 1559 mihi
876 1494 998 1559 videtur
1009 1493 1190 1559 Aristoteles

183 1615 322 1700 Metaph.
346 1614 392 1678 IV
400 1664 410 1693 ,
437 1617 496 1693 11,
525 1637 556 1700 p.
582 1616 666 1678 1019
692 1617 737 1693 A,
762 1615 817 1679 ubi
840 1638 931 1700 agens
948 1615 1084 1679 dovario
1101 1615 1192 1700 signi-
1237 1640 1240 1652 ·
1280 1631 1283 1636 ·

183 1734 276 1797 ficatu
308 1732 524 1797 vocabulorum
555 1732 679 1814 πρότερα
706 1740 736 1797 et
766 1730 889 1815 ὕστερα,
923 1734 996 1798 haec
1025 1733 1127 1797 addit:
1150 1733 1192 1799 σδι

183 1853 239 1929 ραέι
262 1852 295 1928 δὴ
317 1849 388 1916 οὕτω
413 1851 489 1935 (soil.
514 1859 550 1916 nt
573 1852 605 1915 in
628 1852 810 1937 praegressis
833 1852 950 1937 monui)
966 1851 1116 1929 λεγόμενα
1128 1854 1193 1932 σρό-

184 1996 256 2053 τερα
268 2028 271 2031 .
281 1971 330 2036 καὶ
355 1968 477 2052 ὕστερα,
500 1973 541 2036 cd
563 1972 592 2035 δέ
616 1971 696 2036 κατὰ
715 1971 862 2052 φύσινκαὶ
876 1971 992 2047 οὐσίαι,
1006 2023 1014 2039 .
1028 2023 1036 2038 .
1050 2023 1058 2039 .
1075 1969 1093 2053 ᾗ
1107 1971 1191 2037 διαι-

186 2091 282 2169 ρέσει
306 2090 453 2169 ἐχρήσατο
476 2088 617 2154 Πλατωσε
640 2088 671 2152 h.
700 2111 726 2153 e.
751 2112 768 2153 a
790 2089 918 2153 Platone
941 2091 1064 2170 πρότερα
1086 2097 1193 2154 vocata

187 2232 253 2273 esse
281 2210 347 2272 κατ’
375 2208 488 2290 οὐσίαι,
513 2208 533 2271 i.
558 2229 583 2270 e.
607 2208 648 2272 σα
672 2207 756 2284 ὅσσας
778 2205 883 2289 ὕστερα
906 2218 1009 2273 autem
1032 2209 1113 2273 κατὰ
1134 2209 1193 2292 φύ-

187 2352 250 2399 σιν,
282 2328 302 2390 i.
328 2350 353 2391 e.
384 2327 426 2392 σδι
448 2325 586 2404 servarat.
633 2327 720 2407 Quae
749 2328 924 2413 conspirant
955 2350 1025 2392 cum
1052 2328 1092 2391 ,iis
1116 2350 1193 2412 quae

187 2448 333 2532 leguntur
361 2447 394 2510 in
417 2445 557 2524 Timaeo,
590 2447 643 2511 ubi
666 2447 707 2512 σα
730 2449 852 2521 αἰσθηταὶ
876 2448 1002 2527 δεύτεροι
1025 2446 1216 2512 tonantio·

189 2589 272 2630 cum.
297 2564 368 2628 Vid.
392 2564 470 2629 Tim.
494 2588 525 2650 p.
551 2566 591 2627 52
616 2565 655 2628 A.
1158 2556 1161 2562 ⁵

236 2682 321 2764 Quid
353 2689 454 2747 autem
485 2681 554 2746 illae
593 2682 737 2763 διαιρέσεις
769 2683 975 2748 continuerint
999 2683 1047 2748 vel
1070 2706 1106 2747 ex
1129 2685 1195 2770 ipsc

187 2803 336 2867 vocabulo
367 2801 482 2866 efficere
512 2801 592 2865 licet.
638 2800 776 2865 Fuerunt
793 2802 986 2884 partitiones,
1011 2802 1124 2886 quibus
1147 2826 1195 2868 res

187 2922 222 2985 in
245 2921 364 2986 diversa
385 2943 513 3005 genera,
537 2920 667 3005 specieS,
692 2921 819 2999 classes,
843 2921 973 3007 gradus,
998 2923 1087 2986 certis
1111 2945 1197 2988 voca·

188 3041 271 3106 bulis
303 3039 476 3124 designata,
509 3038 726 3103 dividerentur.
745 3041 769 3123 l)
823 3039 923 3121 Quam
955 3042 1045 3106 utiles
1077 3045 1138 3106 sint
1168 3051 1198 3106 et

188 3160 375 3224 necessariae
406 3159 577 3222 istiusmodi
614 3153 799 3245 partitiones
828 3160 866 3224 ad
886 3162 1001 3246 justam
1025 3185 1126 3227 rerum
1150 3184 1197 3226 oo·
1270 3159 1271 3162 '

189 3278 379 3364 gnitionem,
404 3278 436 3341 in
459 3277 598 3342 Phaedro
622 3278 710 3342 docet
735 3278 890 3357 Socrates,
914 3303 943 3365 p.
970 3283 1032 3343 265
1058 3303 1119 3364 sq.‚
1143 3281 1198 3345 ubi

174 3398 256 3481 ipse
278 3397 384 3461 τούτων
407 3402 461 3461 τῶν
484 3397 641 3476 διαιρέσεων
663 3398 712 3463 καὶ
735 3395 912 3476 ξυιαγαρῶι
936 3401 1058 3479 έρασσὴι
1081 3422 1112 3462 se
1132 3421 1201 3484 pro·

190 3516 296 3579 fitetur
318 3518 359 3600 (p.
386 3517 449 3577 266
473 3513 521 3599 Β).
568 3515 684 3580 Eodem
708 3539 799 3580 sensu
820 3516 978 3581 rhetorum
1001 3516 1071 3581 libri
1095 3516 1133 3581 de
1156 3524 1200 3580 to·

191 3635 268 3720 picis
292 3635 478 3699 vocabantur
501 3634 645 3725 διαιρέσεις
658 3636 696 3719 2);
720 3636 793 3701 item
816 3637 848 3700 in
872 3636 999 3700 historia
1022 3636 1199 3700 animalium

204 3819 395 3829 κ-.----

230 3939 252 3999 l)
270 3939 323 3987 Hoc
349 3954 420 3987 sensu
445 3937 562 3988 vocabulo
581 3938 656 3988 utitur
675 3939 742 3989 Plato
760 3939 863 4004 Sophist.
881 3957 904 4006 p.
923 3941 971 3990 253
989 3939 1025 3997 C,
1044 3938 1092 3988 264
1110 3938 1142 3987 0:
1160 3949 1203 3989 τῶν

194 4039 247 4086 κατ’
264 4035 312 4093 etia
329 4035 464 4104 διαιρέσιαι.

230 4131 253 4191 2)
273 4130 326 4178 vie.
344 4128 441 4179 Ernesti
458 4128 560 4178 Lexicon
577 4129 720 4195 Technolog.
737 4131 762 4179 in
780 4145 843 4180 voce.
