2746 4950
727 345 764 404 12

224 556 379 634 oportet:
412 573 467 614 cur
496 551 594 629 enim,
619 558 780 636 postquam
807 553 986 617 nominatim
1010 555 1250 641 Aristophanem

244 669 349 732 citavit
371 670 450 733 inter
473 693 524 733 eos
547 671 601 754 qui
624 670 759 755 dialogos
783 672 815 735 in
838 671 974 756 trilogias
997 673 1182 752 diviserunt,
1215 678 1249 742 in

244 789 437 853 memoranda
466 790 532 873 ipsa
562 790 709 855 divisione
740 791 833 856 alium
864 799 1018 857 auctorem
1047 797 1249 878 sequeretur?

243 907 356 971 Tamen
387 931 442 994 pro
472 909 659 993 negligentia
689 933 750 994 qua
781 910 832 974 ille
863 912 1029 995 excerpsit,
1058 913 1121 976 fieri
1146 923 1250 998 potest

243 1035 279 1090 ut
309 1027 427 1091 diversa
456 1029 629 1106 miscuerit,
658 1030 704 1092 uti
727 1029 870 1113 opinatur
892 1029 1021 1093 Shchow
1045 1031 1245 1114 (Wissensoh.

243 1144 333 1208 Form
360 1145 389 1208 d.
414 1145 533 1211 Platon.
550 1146 635 1211 Schr.
652 1171 682 1232 p.
702 1150 762 1210 165
780 1150 847 1232 sq.),
868 1147 936 1212 ideo
952 1150 1144 1234 praesertim,
1161 1151 1246 1234 quod

242 1266 274 1329 in
297 1271 362 1329 tota
383 1265 437 1329 illa
458 1266 661 1353 descriptione
676 1267 972 1352 diversi‘argumenti
989 1268 1101 1353 scripta
1116 1269 1160 1332 ita
1174 1292 1247 1336 con·

242 1383 355 1448 sociata
386 1394 474 1463 sunt,
503 1393 539 1449 ut
560 1385 643 1449 docti
665 1386 854 1470 'grammatici
874 1386 1026 1471 judicium
1048 1387 1131 1451 haud
1156 1389 1247 1454 facile

243 1525 397 1587 agnoscas.
442 1501 524 1567 Nam
555 1526 616 1587 qua
646 1504 763 1568 ratione
793 1504 873 1568 inter
895 1527 927 1568 se
949 1506 1128 1584 cohaerent,
1153 1529 1247 1590 quam

242 1621 380 1705 quintam
419 1623 571 1707 trilogiam
608 1623 697 1702 facit,
733 1624 856 1702 Κρίτων,
893 1625 1021 1700 Φαίδων,
1049 1626 1247 1691 narseum?

242 1741 301 1804 Res
324 1742 440 1806 incerta
462 1748 516 1806 est.
542 1743 685 1806 Attamen
709 1741 826 1806 etiamsi
850 1742 924 1808 haec
946 1744 1055 1807 divisio
1074 1766 1136 1807 non
1151 1744 1247 1810 fuerit

242 1860 471 1947 Ansuphanis,
495 1862 574 1926 uus
596 1861 792 1948 prosternar
815 1862 906 1926 saar
929 1835 1017 1948 posse
1041 1863 1148 1941 creso,
1178 1864 1247 1927 An-

241 1979 419 2066 stophanem
446 1981 600 2067 Epistolas
631 1981 663 2045 in
692 1981 864 2065 catalogum
887 1981 1034 2066 recepisse
1041 2006 1051 2059 ς
1076 1980 1101 2044 si
1125 1981 1246 2045 omisis-

240 2108 303 2178 set,
335 2091 469 2165 dubitari
498 2101 549 2164 vix
579 2107 680 2187 potest
710 2099 786 2184 quin
813 2101 851 2165 ab
882 2099 985 2184 aliquo
1015 2106 1095 2164 certe
1118 2103 1248 2166 recenti-

241 2242 328 2284 orum
351 2220 431 2284 inter
453 2220 642 2298 νοίενομένονς
664 2221 968 2301 ao'yovcnumeratae
983 2220 1122 2284 fuissent.
1146 2222 1247 2305 Atqui

241 2346 271 2404 et
293 2363 311 2403 a
332 2338 478 2404 Cicerone
504 2346 535 2404 et
562 2363 580 2404 a
605 2325 763 2424 Thrasyllo
787 2347 818 2404 et
840 2362 858 2404 a
878 2339 1026 2424 Dionysio
1053 2339 1247 2404 Halicarnas-

203 2484 205 2490 ’
240 2460 321 2524 sensi
343 2460 401 2545 (De
432 2460 463 2523 vi
486 2459 607 2525 dicendi
626 2458 785 2524 Demosth.
813 2482 843 2545 p.
874 2461 971 2543 1027)
998 2458 1166 2546 ceterisque
1189 2461 1245 2544 qui

240 2603 343 2644 earum
366 2580 552 2644 mentionem
579 2580 733 2659 fecerunt,
762 2601 816 2664 pro
842 2578 985 2664 genuinis
1014 2577 1136 2642 habitae
1159 2585 1243 2642 sunt.

240 2697 383 2763 Ceterum
407 2705 486 2782 quot
505 2698 651 2784 epistolae
674 2698 768 2763 lectae
783 2698 898 2762 fuerint
913 2697 951 2762 ab
968 2696 1172 2782 Aristophane
1188 2706 1244 2761 aut

240 2818 278 2882 ad
294 2841 371 2902 quos
387 2817 532 2903 scriptae,
549 2841 611 2882 non
626 2816 758 2882 additur.
783 2816 821 2882 In
836 2816 1012 2900 tetralogias
1025 2823 1127 2880 autem
1139 2815 1245 2880 divisit

239 2937 433 3022 Thrasyllus,
451 2959 580 3021 quarum
599 2959 710 3001 nonam
731 2929 793 3000 sive
813 2935 953 3000 ultimam
972 2934 1138 2999 secundum
1154 2932 1244 2999 Latr-

240 3057 317 3121 tium
348 3056 517 3121 efficiebant
546 3056 620 3121 haec
651 3056 779 3141 scripta:
811 3054 924 3130 Μίνως,
947 3053 1055 3132 Νίμον,
1078 3053 1244 3129 Ἐπινομίς,

240 3176 423 3242 Ἐπιστολαί.
444 3174 523 3239 Tum
539 3175 692 3261 Epistolas
704 3182 862 3239 enumerat
877 3174 924 3238 his
941 3172 1053 3237 verbis:
1070 3171 1243 3238 Ἐπιστολαί

239 3294 441 3375 τρισκαίδεκα,
463 3293 571 3371 ἠθικαί,
595 3296 624 3358 ἕν
639 3288 685 3366 αίς
701 3290 831 3373 ἔγραψεν
852 3289 889 3358 εὖ
911 3290 1155 3372 τροίττενν....
1176 3290 1244 3371 πρὸς

239 3412 442 3492 Ἀριστόδημον
472 3412 546 3493 μία,
571 3411 639 3493 πρὸς
662 3411 815 3492 Ἀρχύταν
837 3409 900 3485 δύο,
923 3409 990 3491 πρὸς
1015 3407 1158 3474 Δνονύσνον
1179 3407 1245 3472 τέτ-

241 3555 345 3611 ταρες,
369 3531 437 3612 τρδς
459 3531 595 3610 Ἑρμείαν
617 3529 666 3595 καί
687 3529 831 3610 Ἔραστον
852 3528 902 3593 καί
925 3527 1056 3609 Κορίσκον
1078 3528 1149 3604 μία,
1176 3525 1244 3606 πρὸς

240 3649 447 3728 Λεωδοίμαντα
476 3651 552 3727 μία,
583 3649 650 3731 σρδς
682 3649 780 3714 Δίωνα
805 3647 878 3731 μία,
902 3646 971 3727 τρδς
994 3646 1151 3727 Περδίκκαν
1172 3645 1246 3722 μία,

240 3769 309 3850 πρὸς
331 3769 397 3842 τοὺς
422 3771 526 3841 Δίωνος
549 3770 662 3843 οίκείονς
686 3767 742 3835 δύο.

286 3888 379 3952 Hunc
397 3888 528 3953 'Laertii
558 3889 688 3954 indicem
720 3889 746 3952 si
776 3911 845 3953 oum
881 3887 1004 3972 vulgata
1038 3885 1245 3972 Epistolarum

241 4007 356 4092 sylloge
386 4029 612 4094 comparamus,
655 4007 793 4074 videmus
823 4007 912 4072 ambo
942 4006 1063 4072 duabus
1093 4005 1125 4069 in
1154 4003 1246 4069 rebus

241 4126 369 4212 paulum
392 4127 571 4212 discrepare.
616 4127 754 4192 Primum
777 4126 809 4191 in
826 4126 900 4206 hoc,
917 4125 1000 4211 quod
1015 4123 1156 4190 Laertius
1171 4124 1247 4188 citat
