2746 4950
547 930 553 962 l

537 1165 734 1260 CAPUT
770 1167 834 1260 IV.

480 1507 532 1550 DE
566 1506 789 1550 EPIS'POLA
823 1505 871 1549 111.

577 1820 787 1861 -οοηςοο-

223 2111 307 2174 Haec
331 2133 453 2196 quoque
476 2110 604 2195 epistola
626 2111 738 2196 scripta
754 2118 799 2174 est
814 2118 884 2195 post
898 2109 1035 2180 Platonis
1052 2109 1190 2175 reditum

179 2228 216 2293 ab
247 2229 356 2293 ultimo
379 2230 487 2293 itinere
510 2229 547 2294 ad
571 2229 753 2314 Dionysium
777 2229 940 2307 minorem,
964 2250 1026 2313 quo
1049 2239 1191 2314 tempore

178 2348 238 2412 Dio
268 2349 300 2412 in
331 2347 539 2432 Peloponneso
570 2349 671 2433 copies
701 2349 826 2433 parabat
860 2356 896 2412 ut
925 2347 1120 2434 tyrannidem
1144 2347 1191 2412 illi

178 2469 305 2552 eriperet
328 2473 358 2530 et
382 2466 514 2531 Siciliam
530 2469 562 2531 in
578 2468 748 2532 libertatem
764 2467 939 2532 vindicaret.
973 2468 1111 2552 Apparet
1129 2467 1188 2532 hoc

178 2609 215 2650 ex
236 2586 325 2649 initio
348 2585 415 2671 (D),
440 2586 493 2650 ubi
512 2587 679 2671 Dionysius
695 2587 808 2650 dicitur
823 2586 945 2651 Platoni
961 2585 1106 2671 objecisse
1125 2609 1192 2671 per·

177 2703 297 2782 fidiam,
337 2707 373 2775 aa
411 2710 528 2769 νῦν
564 2712 622 2777 τοῖς
656 2704 826 2782 διανοήμασι
861 2712 919 2777 τοῖς
954 2711 1011 2775 σοῖς
1046 2706 1099 2779 τὴν
1136 2706 1189 2780 σὴν

177 2823 272 2904 ἀρχὴν
300 2822 503 2903 ἀφαιρούμεθα
533 2848 576 2888 σε.
627 2822 714 2885 Plato
746 2822 821 2886 abiit
851 2845 888 2885 ex
919 2821 1021 2886 Sicilia
1044 2844 1071 2885 a.
1096 2843 1124 2885 a.
1153 2821 1188 2886 O.

178 2943 260 3016 360;
292 2941 352 3004 Dio
381 2947 483 3005 autem
514 2941 639 3005 classem
670 2941 709 3004 ad
739 2942 872 3005 insulam
903 2940 1022 3026 appulit
1045 2964 1072 3004 a.
1098 2964 1125 3004 a.
1153 2941 1189 3005 O.

180 3062 254 3125 357.
301 3059 404 3139 Quare
435 3060 564 3145 epistola
587 3060 700 3145 scripta
723 3083 787 3123 esse
810 3060 937 3144 fingitur
961 3082 987 3122 a.
1012 3081 1038 3122 a.
1061 3058 1099 3161 'Ga
1122 3063 1190 3123 359

179 3178 227 3242 vel
252 3180 325 3242 358.

220 3295 425 3359 Summarium
448 3296 505 3359 hoc
529 3304 583 3359 est.
620 3293 772 3358 Nonnihil
794 3295 948 3379 praefatus
971 3294 1009 3357 de
1030 3294 1191 3360 salutandi

175 3414 313 3477 formulis
335 3414 449 3495 χαίρειν
472 3422 502 3478 et
517 3411 549 3480 εὖ
564 3412 716 3492 πράττειν,
737 3413 812 3477 dicit
833 3436 864 3477 se
880 3412 1031 3476 audivisse
1047 3434 1190 3476 rumores

176 3554 193 3595 a
215 3530 363 3616 Dionysio
387 3533 501 3618 spargi,
526 3531 608 3617 quod
632 3531 743 3616 (Plato)
767 3553 849 3595 nunc
873 3531 967 3594 Dioni
990 3528 1134 3593 suaderet
1152 3553 1192 3594 ea

176 3651 242 3736 ipsa
278 3651 390 3730 facere,
428 3674 506 3736 quae
541 3633 688 3735 Dionysio
725 3650 880 3735 quondam
913 3650 1009 3713 facere
1040 3648 1193 3732 cogitanti

177 3769 385 3850 dissuasisset,
417 3793 525 3856 nempe
555 3771 589 3837 τὸ
611 3770 666 3842 τας
702 3771 873 3846 ‘Emendat
902 3770 1000 3842 πόλεις
1023 3766 1135 3848 οἰκίζειν
1160 3776 1193 3832 et

177 3888 229 3963 τὴν
251 3890 345 3968 ἀρχὴν
367 3891 399 3953 ἐκ
421 3891 579 3969 τυραννίδος
603 3891 642 3962 εἷς
657 3889 815 3967 βασιλείαν
831 3898 1016 3967 μεταστῆσαι
1034 3888 1110 3972 (315
1125 3887 1191 3973 D.).

180 4005 262 4072 Huic
284 4010 398 4072 recenti
422 4009 625 4073 criminationi
646 4008 732 4072 addit
749 4017 879 4073 veterem
888 4058 898 4087 ,
916 4007 1069 4093 quondam
1085 4029 1103 4068 a
1119 4005 1194 4070 Phi-

180 4126 282 4205 listide
305 4137 336 4191 et
359 4127 425 4192 aliis
449 4128 616 4194 aulicorum
641 4128 772 4212 maligne
796 4152 946 4213 sparsam,
974 4125 1191 4190 dictitantibus
