2746 4950
658 313 720 374 143

187 516 304 580 dierum
328 518 426 602 spatio
449 518 576 601 transigi
597 540 660 581 non
682 519 834 602 potuisse:
863 518 975 583 idcirco
999 519 1103 583 ambae
1126 541 1192 582 nar-

185 635 317 699 rationes
333 636 412 699 inter
429 659 460 699 se
474 658 581 720 parum
599 637 756 700 concinere
776 636 933 715 videntur,
952 636 1035 721 quod
1047 660 1119 700 sane
1130 659 1192 699 non

186 761 231 816 est
257 754 404 818 indicium
432 756 567 819 veritatis
591 764 622 818 ct
644 754 724 818 fidei.
748 755 795 819 De
816 756 882 839 ipso
900 755 1037 819 Platonis
1056 756 1191 819 discessu

185 874 377 958 aliquantum
402 874 559 959 discrepat
581 874 785 952 Plutarchus,
810 897 835 938 c.
861 878 920 952 20,
938 876 990 958 qui
1016 883 1118 938 narrat
1142 875 1193 938 Di-

185 995 325 1077 onysium
360 1016 483 1078 operam
515 993 633 1058 dedisse
656 1005 692 1058 ut
715 994 864 1058 offensum
892 994 1028 1057 Platonis
1056 995 1190 1057 animum

185 1112 352 1176 honoribus
380 1123 414 1185 et
437 1113 534 1197 epulis
557 1114 727 1197 mitigaret,
753 1137 814 1197 qua
837 1114 993 1176 occasione
1017 1115 1107 1176 etiam
1131 1114 1192 1176 dic-

165 1231 297 1293 terium
320 1230 456 1294 Platonis
480 1254 571 1316 super
594 1232 731 1295 convivio
755 1238 910 1295 memorat.
957 1230 1062 1310 Quum
1079 1232 1192 1315 Diony·

185 1349 249 1411 sius
273 1348 415 1412 dixisset:
440 1348 529 1426 „Nae
553 1342 605 1427 tu,
629 1349 736 1427 Plato,
760 1350 866 1413 multis
891 1358 920 1412 et
936 1348 1078 1432 gravibus
1095 1350 1191 1412 crimi-

184 1467 359 1532 nationibus
376 1490 431 1531 nos
448 1468 530 1553 apud
542 1469 660 1532 sodales
672 1476 742 1532 tuos
754 1468 898 1532 lacerabis
907 1468 938 1545 ;''
950 1467 1002 1530 ille
1014 1466 1189 1530 subridens:

183 1586 313 1666 „Absit‚
337 1587 510 1672 respondit,
534 1595 607 1671 opto
630 1611 668 1651 ne
691 1596 776 1652 tanta
798 1587 885 1650 nobis
898 1587 939 1649 sit
954 1608 1126 1649 sermonum
1142 1609 1191 1670 pe·

184 1705 290 1782 nuria,
322 1712 358 1768 ut
385 1706 432 1768 tui
457 1713 594 1789 oporteat
617 1705 820 1770 meminisse.''
867 1704 965 1767 Addit
987 1704 1188 1781 Plutarchus,

185 1825 242 1886 hoc
266 1846 336 1888 cum
360 1825 488 1908 epistola
510 1833 615 1888 nostra
645 1847 706 1887 non
729 1824 817 1909 plane
838 1824 1012 1887 concinere:
1041 1826 1071 1887 οὐ
1095 1824 1190 1900 μέντοι

183 1943 225 2006 rol
255 1943 410 2014 Hadrume
445 1947 534 2008 αὐτοῦ
561 1943 638 2007 πάνυ
666 1943 774 2014 τούτοις
797 1942 918 2025 ξυνᾴδει.
964 1941 1049 2004 idem
1074 1942 1189 2005 dictum

156 2044 159 2053 ¹
184 2068 331 2124 memorat
366 2061 524 2139 Laertius,
560 2061 633 2138 ΙΙΙ,
669 2064 727 2140 al,
760 2061 813 2123 sed
845 2060 883 2123 ad
906 2060 1046 2144 Dionysii
1069 2061 1190 2123 maioris

184 2188 322 2263 tempora
343 2180 449 2257 refert,
481 2179 562 2262 quod
594 2187 694 2243 tamen
725 2179 826 2242 minus
849 2186 895 2241 est
922 2177 1087 2262 probabile.
1135 2179 1191 2242 Est

185 2305 286 2361 autem
310 2321 345 2360 ea
367 2320 413 2360 res
438 2298 521 2382 parvi
544 2298 689 2360 momenti
713 2306 742 2360 et
766 2296 919 2361 sublestae
942 2296 1022 2359 fidei.

228 2534 358 2618 Reliqua
395 2502 472 2618 quae
502 2544 571 2619 post
601 2533 737 2597 Platonis
767 2533 899 2596 reditum
935 2556 950 2595 e
986 2531 1089 2595 Sicilia
1123 2540 1190 2596 acta

184 2660 256 2717 sunt
279 2653 410 2717 breviter
433 2661 613 2737 tanguntur.
657 2653 764 2716 Redux
786 2652 868 2715 venit
892 2651 1064 2736 Olympiam
1086 2651 1189 2734 ibique

184 2772 311 2836 offendit
333 2773 479 2851 Diouem,
505 2773 574 2855 qni,
599 2771 712 2835 auditis
737 2793 813 2854 quae
838 2771 1003 2854 Dionysius
1027 2771 1059 2832 111
1083 2793 1114 2832 se
1132 2779 1189 2832 sta-

180 2892 307 2970 tuisset,
325 2892 431 2954 ulcisci
446 2891 578 2955 decrevit
595 2890 768 2974 bellumque
785 2890 918 2974 paravit,
933 2888 1016 2973 quod
1029 2890 1186 2972 aliquanto

183 3019 253 3096 post
276 3012 303 3074 ei
324 3011 441 3074 intulit.
488 3010 576 3075 Plato
600 3010 673 3073 belli
697 3011 870 3073 societatem
894 3010 1017 3109 abnuit,
1043 3032 1188 3072 excusans

182 3137 370 3194 senectutem
408 3136 438 3193 et
477 3129 600 3214 hospitii
638 3130 689 3214 jus
725 3128 807 3211 quod
846 3129 904 3212 ipsi
940 3150 1009 3190 cum
1041 3128 1187 3212 Dionysio

181 3248 398 3327 intercederet,
431 3271 522 3331 seque
553 3247 806 3312 reconciliationis
837 3269 900 3311 non
923 3246 995 3310 belli
1019 3247 1187 3332 adjutorem

183 3368 337 3453 pollicitus
368 3374 414 3431 est
445 3366 582 3451 (11350
607 3366 732 3449 B-D).
768 3365 818 3428 Ita
840 3365 1067 3449 Epistola;·alii
1091 3365 1186 3428 aliter.

182 3485 304 3564 Cicero,
337 3485 375 3549 de
403 3484 488 3550 Orat.
521 3484 589 3563 ΠΙ,
619 3488 680 3547 84:
716 3483 816 3563 „Quis
839 3483 968 3546 Dionem
994 3482 1187 3566 Syracusium

181 3584 323 3669 omnibus
346 3605 491 3668 doctrinis
516 3602 682 3689 expolivit?
697 3575 759 3666 non
775 3601 886 3665 Plato?
903 3602 1006 3684 Atque
1022 3625 1090 3666 eum
1106 3603 1187 3666 idem

181 3724 234 3787 ille
264 3746 326 3787 non
355 3724 479 3808 linguae
509 3722 626 3800 solum,
649 3744 754 3785 verum
778 3721 868 3784 etiam
892 3720 986 3783 animi
1009 3743 1043 3784 ac
1065 3722 1187 3785 virtutis

182 3843 326 3926 magister
356 3843 392 3905 ad
425 3840 615 3905 liberandum
643 3841 770 3925 patriam
793 3839 934 3923 impulit,
958 3840 1119 3918 instruxit,
1144 3864 1188 3903 arv

181 3960 306 4024 mavit.''
351 3960 512 4037 Aelianus,
537 3958 609 4021 Var.
634 3958 705 4021 hist.
730 3957 798 4035 ΙΙΙ,
815 3959 871 4021 171
895 3960 1020 4020 Πλάτων
1040 3958 1069 4020 δὲ
1087 3959 1186 4038 ὁἈρί·

182 4104 285 4150 στωνος
314 4080 411 4144 Δίωνα
433 4079 608 4156 κατήγαγεν
630 4078 668 4148 εἷς
691 4078 845 4152 Σικελίαν,
870 4074 918 4138 καὶ
942 4074 975 4137 δι’
998 4072 1033 4139 ὧν
1055 4075 1187 4154 ξυνεβού-
