2746 4950
675 337 714 397 53

189 542 236 606 lac
256 542 393 606 Platonis
409 541 598 627 disciplinam
623 548 789 627 gustasset,
811 541 927 606 aulicae
948 543 1027 606 vitae
1043 542 1195 606 luxuriem

190 684 298 726 exosus
322 661 533 726 modestiorem
557 661 678 726 vivendi
700 662 847 726 rationem
868 670 946 725 esset
963 662 1135 747 amplexus3
1160 684 1195 726 eo

190 790 291 846 autem
306 783 422 846 factum
438 789 473 846 ut
488 783 520 846 in
533 782 703 846 aulicorum
715 781 874 846 hominum
887 781 993 845 odium
1009 790 1039 845 et
1051 781 1196 845 invidiam

188 901 349 966 inciderit:
374 902 472 986 (Δίον)
494 901 542 965 τὸν
563 903 709 966 ἐπίλοιπον
734 900 797 978 βίον
820 901 869 981 ζῆν
889 900 1006 976 ullane:
1093 902 1196 981 οίοεπὶιν

190 1022 253 1102 περὶ
276 1023 401 1095 πλείονος
425 1023 520 1097 ἡδονῆς
613 1022 794 1098 danmatio,
820 1019 879 1085 ίίεν
903 1019 1115 1101 ἐπαχθέστερον
1138 1027 1196 1090 τοῖς

189 1142 252 1218 περὶ
283 1142 324 1205 τίν
352 1142 505 1220 πυροιννιιοοὶ
535 1140 645 1218 νόμιμοι
670 1141 751 1220 ζῶσιν
774 1140 844 1217 ἐβίω
870 1139 965 1220 ’μεχρί
998 1146 1049 1204 ποῦ
1072 1138 1195 1204 ίοινοίπον

189 1266 239 1324 τοῦ
268 1259 329 1337 περὶ
353 1260 495 1325 Διονύσιον
518 1260 678 1337 γενομένου.
716 1236 827 1339 'Quem
851 1259 883 1322 in
907 1258 955 1322 his
978 1280 1040 1322 non
1065 1257 1195 1322 advertit

187 1401 297 1465 pravus
328 1402 402 1443 usus
425 1378 657 1463 praepositionis
680 1378 765 1455 πεοίί
804 1378 942 1441 Primum
968 1377 1046 1442 male
1069 1401 1196 1463 usurpa·

188 1506 254 1562 tum
285 1511 331 1561 est
360 1497 392 1560 in
415 1497 513 1561 verbis
543 1495 605 1576 περί
630 1496 756 1568 πλείονος
778 1496 960 1572 οὶγοιπνκοίςε
997 1495 1110 1560 dicitur
1132 1497 1193 1578 περί

188 1624 312 1701 πολλοῦ,
331 1617 394 1697 περὶ
411 1617 537 1688 πλείονος
554 1620 709 1694 ποιεῖπίοιι,
733 1618 865 1694 ἦνεῑοίοιι
875 1667 883 1699 ,
902 1639 964 1681 non
982 1616 1044 1696 περί
1068 1615 1194 1689 πλείονος

187 1739 297 1814 πιμῖιν,
335 1738 479 1812 οὶγοοπῑινς
527 1735 636 1799 deinde
670 1757 736 1820 pro
766 1735 828 1815 περὶ
852 1735 892 1799 τοὶ
923 1760 983 1817 rap.
1004 1735 1115 1813 νόμιμοι
1144 1734 1194 1816 ζῆν

188 1854 249 1918 dici
283 1853 390 1918 debuit
420 1855 501 1918 κοντοὶ
527 1856 568 1918 τοὶ
597 1878 625 1920 π.
659 1879 682 1918 ν.
710 1853 777 1934 ζῆν,
804 1858 956 1920 secundum
980 1854 1098 1940 tyranni
1120 1856 1195 1937 lepos

187 1971 234 2036 vel
255 1973 366 2056 juram
400 1971 531 2056 denique
561 1979 611 2037 ποῦ
639 1971 701 2052 περί
730 1970 873 2037 Διονύσιον
895 1972 1046 2050 γενομένου
1070 1972 1192 2037 ίοινοίτου

188 2076 235 2154 est
257 2090 412 2174 inelegans
435 2075 665 2154 circumlocutio
689 2113 744 2176 pro
767 2091 855 2172 μεομί
879 2097 929 2155 τοῦ
950 2090 1094 2156 Διονυσίου
1109 2088 1193 2154 davd

184 2234 244 2275 που.
291 2200 406 2274 Mirum
440 2218 486 2273 est
514 2216 701 2294 quantopere
732 2210 859 2296 scriptor
889 2217 991 2274 noster
1023 2209 1192 2296 delectetur

183 2330 273 2394 istius
299 2307 532 2415 praepositionis
566 2351 644 2406 usu,
680 2351 771 2413 quam
806 2329 905 2394 ubivis
940 2329 1093 2393 inculcare
1128 2338 1190 2394 stu-

184 2449 245 2512 det.
291 2448 438 2534 Exempla
472 2448 621 2533 quaedam
648 2448 778 2513 afferam.
815 2472 844 2534 p.
870 2450 933 2513 825
958 2450 1004 2512 A:
1030 2453 1047 2525 ἡ
1070 2449 1132 2532 περὶ
1158 2449 1191 2513 τὸ

183 2567 320 2646 προίπτειν
356 2567 397 2632 ποί
434 2567 512 2632 κοινίι
548 2567 695 2644 ἐπιίυμίοι.
741 2567 816 2632 ibid.
855 2564 897 2631 C:
941 2567 1049 2639 οίνόοιος
1083 2567 1190 2645 οίγογὴ

182 2686 245 2766 περὶ
276 2684 326 2751 ἕνον
353 2692 409 2751 τῶν
438 2687 550 2768 Φίλων,
588 2686 642 2751 ubi
680 2687 743 2768 περὶ
779 2686 907 2771 genitivi
945 2686 1011 2751 loco
1042 2686 1185 2771 positum.

183 2827 213 2888 p.
238 2806 302 2868 338
327 2805 371 2867 A:
404 2803 533 2884 κοιίοίπεο
559 2801 653 2888 είπον,
681 2806 745 2885 πρὶν
769 2804 979 2882 ξυμβουλεύειν
1001 2811 1061 2877 τοῖς
1083 2805 1190 2875 οἰκείοις

184 2924 234 2988 aul
265 2925 383 3003 ἑτοίμοις
412 2931 472 2996 τοῖς
505 2923 567 3004 περί
604 2924 718 3001 Δίιινοι,
754 2923 785 2987 h.
821 2946 847 2987 e.
877 2923 998 3006 Δίωνος,
1035 2923 1118 3006 quod
1140 2923 1190 2988 hic

185 3042 345 3121 vitiosum,
377 3042 450 3127 quia
479 3044 586 3107 mortui
608 3043 791 3128 propinquus
820 3042 980 3127 significat.
1004 3065 1034 3126 p.
1059 3043 1122 3105 340
1146 3042 1188 3105 B:

182 3163 246 3226 ε’σπί
278 3187 321 3233 τις
354 3161 455 3242 τρίπος
489 3168 539 3227 ποῦ
566 3164 629 3241 περὶ
656 3163 697 3227 πίε
727 3168 851 3227 τοιοῦτον
881 3168 981 3243 πεῖρον
1011 3159 1186 3240 λαμβάνειν.

155 3280 277 3366 ·Saepe
318 3281 426 3358 iterat,
469 3289 505 3345 ut
545 3305 575 3366 p.
615 3284 678 3345 329
718 3281 762 3344 B:
793 3279 870 3363 εὖρον
900 3282 1031 3354 οποίσειοι
1057 3281 1098 3346 rol
1125 3280 1187 3363 περὶ

182 3400 325 3466 Διονύσιον
347 3401 447 3478 μεστοὶ
469 3398 632 3477 ξύμποινποο
654 3400 704 3466 nal
723 3389 865 3478 διαβολῶν
883 3401 950 3480 πρὸς
969 3403 1021 3476 τὴν
1038 3398 1188 3482 τυροίννιδοι

170 3518 285 3604 ΙΔίιονος
313 3519 375 3600 πέρι
406 3521 491 3604 (num
515 3519 641 3589 fortasse
664 3519 829 3603 legendum
852 3520 919 3600 πρὸς
942 3521 1041 3586 Δίυνοι
1063 3529 1115 3596 τῆς
1137 3546 1187 3585 πυ-

178 3636 300 3715 ροίννιδος
331 3636 444 3722 aspre),
475 3638 559 3722 quod
589 3638 756 3722 significat:
788 3661 895 3703 οοοινοιο
925 3639 1065 3722 Dionysii
1091 3642 1188 3703 culam
1262 3652 1269 3674 ⁴

172 3756 292 3836 μμοονι
322 3757 571 3821 dominationibus
600 3760 738 3822 ιιιίοοοοιιι
768 3758 892 3822 Dionem
923 3761 958 3822 de
987 3759 1125 3843 affectata
1147 3765 1188 3844 tp-

180 3876 310 3940 rcnnidc.
334 3898 364 3960 p.
389 3877 452 3939 331
477 3877 522 3939 A:
547 3873 616 3941 ίτοιν
638 3877 683 3948 τίς
706 3901 753 3954 μοι
776 3876 1014 3955 ξυμβουλεύοιμι
1034 3878 1099 3955 περί
1113 3901 1186 3948 τινος

180 3998 235 4058 τῶν
265 3993 413 4070 μενίοπιον
446 3995 508 4076 περὶ
539 3993 588 4060 τὸν
618 3995 707 4061 οιὺποῦ
737 3995 818 4079 βίον,
849 3991 902 4061 οἷον
932 3995 994 4078 περί
1025 3993 1187 4078 χρημοίποιν

179 4117 314 4192 κνήσεως.
339 4139 369 4207 p.
392 4116 454 4180 339
480 4113 520 4179 G:
545 4116 582 4184 ίιν
604 4117 644 4187 είς
667 4117 804 4185 Σικελίοιν
828 4116 924 4201 ἔλθῃς,
948 4122 1055 4204 πρῶτον
1074 4114 1127 4205 μέν
1143 4139 1184 4190 σοι
