2746 4950
656 313 719 373 alo

183 518 231 582 τὸν
266 517 381 582 πάντων
412 518 560 595 βασιλέα,
593 539 684 600 quem
714 517 765 581 ille
796 520 832 589 ὡς
862 519 993 584 ἕτέκεννα
1017 528 1072 594 τῆς
1101 523 1201 592 οὐσίας

184 636 298 699 eximit.
334 635 405 699 Vid.
434 635 643 713 Schiirmann,
677 635 715 699 de
745 635 811 700 Deo
841 635 960 700 Platon.
993 660 1025 722 p.
1055 641 1117 716 19,
1147 643 1198 703 44.

183 753 326 818 Ceterum
348 754 437 818 Plato
458 756 489 818 in
514 755 634 839 scriptis
658 755 720 819 suis
745 776 824 831 non,
852 762 888 819 nt
911 765 1015 819 noster
1040 756 1090 821 hic
1108 758 1198 836 facit,

182 873 222 936 τα
246 878 362 952 πρῶτα,
385 874 427 936 τα
449 873 586 951 δεύτερα,
610 874 650 937 τα
673 874 758 953 τρίτα
775 873 899 936 definito
917 873 1100 957 significatu·
1113 898 1199 940 usur·

182 1000 235 1076 pat
258 991 296 1054 ad
319 991 467 1055 notandas
490 1001 617 1055 naturae
640 999 740 1075 partes
764 993 967 1075 praestantiae
983 992 1085 1075 gradu
1102 993 1225 1063 diver.

181 1133 245 1187 sas3
271 1111 301 1173 id
324 1111 448 1174 demum
471 1111 607 1174 fecerunt
631 1111 695 1173 eius
719 1110 877 1194 discipuli,
903 1111 956 1194 qui
973 1111 1021 1174 his
1037 1112 1195 1176 vocabulis

181 1229 317 1315 proprias
342 1238 374 1291 et
396 1240 492 1293 certas
516 1228 691 1292 tribuerunt
714 1229 870 1305 notiones,
893 1228 976 1292 velut
992 1229 1195 1307 Aristoteles,

180 1349 211 1412 in
241 1349 377 1433 Metaph.
402 1347 465 1426 IV,
493 1350 550 1425 ll,
576 1348 629 1413 ubi
652 1348 787 1411 Platonis
812 1348 934 1427 πρότερα
958 1355 988 1412 et
1014 1346 1127 1430 ὕστερα
1156 1350 1197 1413 in·

180 1475 365 1552 terpretatur
388 1490 461 1552 quoe
478 1489 535 1548 per
557 1490 587 1530 ae
610 1473 758 1543 coustant,
784 1469 825 1531 τα
847 1448 915 1531 κατ’
938 1469 1057 1542 οὐσίαν,
1076 1477 1108 1531 et
1123 1474 1197 1554 quat

181 1587 242 1648 αἀα
264 1585 326 1647 tuo
348 1607 407 1648 esse
429 1590 588 1669 nequeunt,
613 1585 653 1648 rol
676 1585 757 1649 κατα
779 1586 878 1664 Φύσιν.
894 1585 918 1668 ¹)

224 1817 295 1883 Non
327 1820 428 1883 minus
459 1819 655 1883 obscuritatis
680 1819 771 1883 habet
795 1819 872 1883 alter
895 1820 945 1883 hic
968 1820 1076 1899 locus,
1102 1845 1195 1906 quem

180 1940 270 2002 modo
294 1939 443 2017 indicavi,
469 1939 567 2024 Epist.
592 1939 656 2018 VI,
683 1964 711 2024 p.
737 1942 800 2002 323
826 1940 864 2002 D.
889 1939 985 2003 Jubet
998 1940 1141 2017 sodales,
1159 1941 1196 2004 ad

180 2080 256 2142 quos
281 2059 358 2121 hanc
379 2058 538 2143 epistolam
555 2057 678 2135 scribit,
694 2059 812 2122 monita
827 2081 882 2121 sua
897 2057 981 2121 cordi
998 2058 1130 2137 habere,
1149 2062 1197 2124 τὸν

178 2182 233 2241 τῶν
257 2177 372 2240 παντων
396 2176 469 2256 θεὸν,
494 2175 626 2252 ἡγεμόνα
649 2181 704 2240 τῶν
728 2175 850 2240 τ’ὄνταν
869 2175 987 2239 καὶτῶν
1002 2177 1193 2257 μελλόντων,

177 2300 227 2358 τοῦ
250 2295 274 2358 θ’
287 2294 426 2370 ἡγεμόνας
439 2296 487 2357 καὶ
513 2295 604 2358 αἰτίαν
620 2295 735 2374 πατέρα
753 2295 842 2374 αύρννν
858 2294 1051 2372 ἐπομνύντας.
1077 2294 1196 2358 Distin-

178 2421 317 2496 guuntur
339 2412 389 2475 hic
412 2412 425 2475 ὃ
448 2417 503 2475 τῶν
524 2410 641 2475 πάντων
660 2411 719 2483 θεὸς
731 2413 864 2489 ἡγεμὼν,
880 2419 910 2474 ot
921 2418 971 2476 τοῦ
988 2412 1132 2490 ἡγεμόνος
1146 2413 1195 2477 καὶ

178 2533 267 2595 αἰτίαν
290 2533 386 2609 πατὴρ
406 2534 507 2610 saproc.
531 2529 669 2592 Primum
686 2529 966 2593 animadvertantur
982 2529 1076 2594 verba
1090 2532 1196 2616 inepte

176 2648 382 2712 redundantia
412 2649 444 2710 in
474 2648 573 2712 hisce:
608 2655 658 2712 τοῦ
691 2648 831 2726 ἡγεμόνος
859 2649 906 2711 καὶ
934 2649 1025 2712 αἰτίαν
1056 2652 1195 2731 τατὲρα;

176 2790 247 2831 nam
263 2767 337 2850 quid
354 2767 393 2831 sit
409 2766 422 2830 ὃ
438 2773 488 2831 τοῦ
502 2766 645 2844 ἡγεμόνος
658 2768 754 2844 πατήρ
766 2766 899 2850 intelligi
912 2773 1028 2850 potest,
1043 2789 1108 2830 non
1121 2766 1196 2831 'vem

177 2888 262 2951 ὂτνῦ
288 2887 379 2949 αἰτίαν
403 2886 518 2963 τατύρι
542 2906 613 2947 nam
637 2885 661 2946 si
688 2887 728 2964 τῷ
754 2885 835 2964 αἰτίῳ
862 2892 908 2947 est
930 2892 1031 2968 pater,
1057 2907 1122 2948 non
1149 2897 1196 2950 est

176 3002 275 3073 αἴτιος.
322 3002 407 3066 Tum·
430 3008 555 3064 notetur
583 3001 775 3086 pleonasmus
807 3004 903 3081 πατὴρ
927 3003 1030 3082 αύρννςε
1057 3025 1131 3066 nam
1163 3007 1196 3069 in

180 3121 302 3183 nomine
337 3123 433 3201 πατὴρ
471 3121 552 3183 inest
578 3120 642 3204 jam
674 3119 854 3204 significatio
877 3126 926 3184 τοῦ
950 3121 1050 3198 κυρίαν.
1086 3121 1198 3188 Delec-

179 3246 263 3302 tatur
294 3237 450 3322 Epistolae
483 3237 610 3321 scriptor
633 3237 690 3300 hoo
713 3237 870 3301 vocabulo.
910 3237 960 3301 Sic
982 3237 1077 3323 paulo
1101 3251 1196 3306 ante:

178 3358 303 3437 χρῆσθαι
326 3356 445 3436 ξανθήκν
467 3356 516 3420 καὶ
540 3356 615 3436 νόμῳ
638 3358 730 3435 κυρίῳ.
754 3355 850 3441 Epist.
874 3354 974 3434 VIII,
998 3380 1027 3441 p.
1059 3361 1127 3422 354
1155 3361 1195 3425 C:

178 3476 260 3552 νόμος
284 3476 380 3548 ἐπειδὴ
403 3476 493 3554 κύριος
520 3476 633 3550 ἐγένετο
657 3475 799 3551 βασιλεὺς
822 3480 877 3538 τῶν
900 3477 1059 3556 ἀνθρώπων.
1078 3476 1141 3543 Sed
1160 3489 1199 3544 ut

179 3593 217 3656 ad
241 3617 303 3656 rem
327 3593 501 3670 veniamus,
525 3593 557 3656 in
580 3593 628 3655 his
653 3614 775 3676 quoque
792 3593 874 3657 docti
890 3605 1082 3678 agnoverunt
1099 3598 1197 3681 placi·
1256 3648 1262 3671 „

178 3719 244 3775 tum
271 3711 308 3774 de
339 3710 441 3774 Verbo
465 3711 527 3774 sive
552 3710 647 3788 Filio,
680 3710 763 3794 quod
795 3711 846 3774 alii
877 3710 1093 3776 aChristiana
1122 3716 1196 3781 doc-

214 3927 236 3986 l)
252 3927 339 3976 Eadem
357 3928 450 3976 ratione
466 3927 588 3991 Epistolae
604 3928 706 3991 scriptor
724 3926 833 3976 formulis
850 3931 877 3978 τὸ
888 3931 912 3978 τί
924 3933 947 3974 ot
964 3931 990 3978 τὸ
1001 3935 1064 3978 ποῖόν
1079 3951 1117 3995 τι,
1132 3947 1194 3995 quas

165 4022 317 4071 -Aristotelas
343 4023 433 4086 primus
456 4023 560 4080 invenit,
586 4039 640 4072 usus
667 4026 703 4072 est
728 4027 840 4087 tanquam
866 4021 1009 4098 Platonicis,
1036 4031 1065 4071 ut
1094 4029 1191 4078 ostendi

177 4133 247 4180 supra
265 4133 287 4180 p.
306 4116 362 4169 19⁷.
