2746 4950
645 335 704 396 166

172 542 331 607 itineribus
354 543 388 606 in
410 541 543 605 Siciliam
567 540 604 604 ab
625 539 756 624 Apuleio
779 547 958 617 narrantur,
983 561 1080 624 supra
1098 561 1116 602 a
1131 559 1180 601 no

170 661 219 726 bis
247 660 357 737 relata,
388 660 421 723 in
453 660 501 723 his
530 658 700 743 Speusippo
731 665 852 721 auctore
883 680 953 722 eum
987 679 1085 721 usum
1118 679 1181 722 esse

172 779 240 863 quis
264 777 388 843 eredat?

218 896 310 982 Apud
338 896 508 980 Diogenem
530 895 605 959 haec
627 895 772 979 legimns,
796 892 899 972 LIII,
923 896 995 979 dd:
1014 895 1125 960 ἔπειτα
1137 919 1185 975 νε-

173 1014 285 1094 νόμενος
317 1016 388 1079 ι’κτὼ
415 1013 463 1078 καὶ
486 1013 587 1078 εἴκοσιν
612 1015 696 1087 ἐτῶν,
717 1013 793 1077 radat
815 1018 904 1093 Φκοιν
929 1013 1124 1094 Ἑρμόδωρος,
1146 1015 1184 1085 εἰς

174 1133 304 1213 Μέγαρα
334 1132 403 1213 πρὸς
432 1131 588 1206 Εὐκλειδιιν
614 1131 665 1196 σὺν
688 1129 789 1204 ἄλλοις
811 1131 869 1196 τισὶ
892 1139 1087 1212 Σωκρατικοῖς
1110 1134 1184 1196 ατε-

174 1253 324 1333 χώρκοεν·
347 1251 477 1315 nimiter
501 1250 540 1320 εἷς
563 1251 694 1314 Ἰταλίαν
717 1249 785 1330 πρὸς
806 1250 872 1320 τοὺς
891 1249 1125 1331 Πυθαγορικοὺς,
1138 1259 1184 1315 Φι-

174 1370 280 1435 λόλαον
302 1368 352 1433 καὶ
375 1368 518 1448 Εὔρυτον·
544 1368 618 1433 ἔνθεν
641 1371 668 1431 τ’
680 1369 719 1439 εἰς
747 1366 898 1445 Αἴγυπτον
920 1368 1004 1446 aaa
1030 1369 1099 1441 τοὺς
1120 1392 1185 1449 τρο·

175 1489 296 1566 <patrer
327 1483 360 1551 οὗ
390 1486 466 1566 φασὶ
496 1487 545 1550 καὶ
575 1486 727 1566 Εὐριπίδην
752 1488 832 1566 αὐτῷ
854 1487 1117 1560 συνακολουθῆσαι·
1132 1537 1139 1552 .
1153 1533 1184 1553 ..

176 1606 275 1682 διέγνω
303 1606 337 1679 δὴ
365 1605 379 1669 ὁ
412 1603 538 1669 Πλάτων
575 1605 624 1668 καὶ
653 1611 713 1675 τοῖς
738 1602 857 1680 Μάγοις
883 1601 1049 1686 συμμίξαι,
1075 1603 1124 1668 διὰ
1158 1603 1186 1668 δὲ

176 1724 241 1796 τοὺς
262 1734 315 1799 τῆς
337 1726 441 1795 Ἀσίας
463 1722 607 1801 πολέμους
629 1721 766 1796 datum·
785 1722 945 1786 ἐπανελθὼν
963 1721 989 1785 δ’
1000 1722 1041 1792 εἷς
1061 1724 1187 1798 Ἀθήνας

176 1843 313 1921 διέτριβεν
342 1843 371 1906 ἓν
401 1841 577 1921 Ἀκαδημία.
623 1841 776 1925 Diogenes
804 1847 912 1904 testem
937 1839 987 1904 hic
1010 1839 1088 1904 citat
1110 1840 1187 1906 Her·

177 1960 354 2038 modorum,
379 1960 580 2046 discipulum,
604 1967 640 2025 ut
662 1960 783 2038 ferunt,
801 1959 947 2023 Platonis.
961 1959 985 2044 ¹)
1013 1957 1064 2023 Ne
1080 1967 1184 2025 tamen

178 2078 334 2143 credamus
358 2101 478 2142 omnem
501 2078 580 2143 hano
602 2079 780 2154 relationem
803 2077 894 2141 huius
917 2077 1095 2141 testimonio
1111 2079 1184 2157 niti;

178 2195 211 2260 id
240 2197 288 2260 vel
315 2219 350 2260 eo
373 2196 583 2281 redarguitur,
612 2195 694 2280 qnod
717 2195 803 2259 etin
826 2194 1007 2280 praegressis
1030 2197 1120 2260 etin
1142 2218 1186 2260 se·

179 2314 344 2399 quentibus
360 2322 488 2399 usurpat
501 2316 604 2393 φαοίι.
630 2313 811 2377 Hermodori
826 2312 1033 2378 testimonium
1044 2321 1185 2398 spectare

178 2441 299 2497 tantum
326 2431 447 2496 videt-ur
470 2431 508 2495 ad
531 2431 746 2516 profectionem
769 2432 801 2495 in
824 2430 930 2495 urbem
954 2429 1096 2516 Megara,
1118 2432 1187 2497 reli·

179 2574 240 2636 qua
270 2561 306 2615 ut
328 2552 414 2615 fama
432 2551 553 2635 prodita
574 2551 756 2615 referuntur.
810 2549 952 2614 Ceterum
976 2562 1008 2614 et
1030 2551 1186 2635 Apuleius

180 2677 217 2754 (c.
250 2673 282 2755 4)
314 2676 344 2733 et
373 2668 513 2734 La'e'rtius
541 2670 569 2754 (p
600 2671 652 2754 18)
671 2669 781 2769 itinera
802 2669 834 2732 in
858 2667 989 2732 Siciliam
1020 2671 1185 2753 separatim

180 2813 197 2852 a
231 2787 355 2871 reliquis
389 2788 549 2851 itineribus
584 2796 768 2866 memorant,
806 2810 869 2851 non
907 2786 1079 2851 indicantes
1124 2811 1186 2873 quo

179 2906 270 2970 modo
301 2907 374 2970 haec
405 2928 474 2970 cum
502 2906 563 2970 illis
593 2906 782 2970 cohaereant.
829 2905 868 2969 In
901 2904 1058 2969 amborum
1082 2914 1187 2971 autem

180 3027 352 3108 napationc
382 3024 462 3089 inest
495 3025 599 3109 aliqua
636 3024 847 3109 discrepantia.
892 3023 1066 3088 Secundum
1094 3024 1189 3090 Latr-

180 3146 258 3209 tium
289 3144 376 3208 Plato
408 3143 537 3208 Athenis
567 3166 599 3207 se
623 3143 753 3208 eontulit
785 3143 916 3227 primum
947 3142 1090 3226 Megara,
1119 3151 1188 3208 tum

182 3263 335 3348 Cyrenen,
356 3261 428 3326 inde
442 3262 474 3325 in
489 3261 627 3340 Italiam,
645 3269 796 3348 postremo
811 3261 844 3324 in
860 3263 1044 3344 Aegyptum.
1073 3259 1190 3326 Secun-

181 3382 255 3446 dum
282 3381 462 3466 Apuleium,
486 3381 541 3465 qui
563 3380 689 3465 Megara
710 3401 772 3444 non
787 3386 948 3457 memorat,
961 3378 1096 3463 primum
1109 3381 1188 3446 adiit

181 3500 319 3577 Italiam,
343 3498 452 3563 deinde
475 3497 613 3584 Cyrenen
635 3505 666 3562 et
689 3499 880 3583 Aegyptum,
902 3504 1054 3582 postremo
1074 3498 1189 3565 iterum

181 3619 311 3685 Italiam.
356 3617 508 3703 Diogenes
532 3619 589 3682 etsi
612 3618 741 3683 aiterum
767 3618 825 3681 iter
846 3617 879 3680 in
901 3615 1024 3679 Italiam
1049 3638 1113 3679 non
1129 3640 1189 3683 me

217 3833 242 3892 1)
259 3832 394 3896 Simplicior
417 3831 446 3880 ad
469 3829 571 3881 Aristot.
595 3831 690 3894 Physic.
714 3829 755 3879 lib.
770 3830 793 3889 Ι,
812 3828 1040 3894 p.34413ran‹1.:t
1058 3827 1190 3896 Πορρῦριος

184 3933 271 3996 ἱστορεῖ
286 3931 323 3979 ea
339 3927 529 3995 Arprtdna...
561 3924 740 3996 Ἐρμοδώρου
755 3931 803 3976 τοῦ
819 3928 965 3981 Πλάτωνος
987 3925 1104 3990 δταιροῦ
1126 3925 1188 3982 δέξιν

184 4027 344 4092 upapam
360 4025 405 4074 aa.
440 4022 479 4071 cr.
496 4021 579 4071 suras
595 4021 620 4070 in
639 4038 659 4069 v.
670 4025 763 4085 raam
775 4020 926 4090 ‘appetam
944 4018 994 4067 cn.
1004 4017 1080 4108 epist.
1091 4002 1189 4068 rute.

185 4117 318 4178 xn1,21.
