2746 4950
508 1151 701 1246 orror
739 1153 837 1270 rui.

259 1533 261 1535 .
300 1495 341 1538 DE
363 1495 511 1538 PLATONIS
533 1495 690 1557 Docralua
713 1495 751 1536 ET
774 1493 912 1536 retornus
936 1495 1019 1551 QUAE
1043 1495 1075 1537 IN

495 1614 649 1656 EPISTOLIS
672 1613 887 1656 BXPONUNTUR.

477 2457 620 2520 Doctrina
643 2457 706 2534 περὶ
730 2459 903 2534 ἐπιστήμης.

228 2691 395 2776 Postquam
411 2692 648 2776 exploravimus,
662 2716 738 2777 quae
750 2693 790 2756 sit
801 2693 1008 2777 Epistolarnm
1020 2693 1094 2757 fides
1103 2701 1132 2756 et
1142 2693 1185 2756 di·

183 2813 309 2898 ligentia
338 2813 371 2876 in
401 2813 491 2878 rebus
517 2813 686 2890 historicis,
716 2835 798 2877 nunc
822 2812 860 2876 ad
882 2813 1093 2898 philosophiae
1117 2813 1185 2876 doo-
1295 2882 1300 2892 ‚

182 2932 293 2996 trinam
317 2917 472 2996 attendere
491 2933 579 3016 juvat
609 2941 639 2994 et
662 2954 819 3015 quaerere,
845 2939 995 3014 quatenus
1018 2932 1091 2994 haec
1118 2931 1185 2996 Pla·

181 3031 301 3115 tonicae
337 3050 547 3136 philosophiae
576 3035 767 3135 respondeat.
813 3051 925 3114 Plenae
956 3050 1079 3133 quidem
1112 3059 1185 3114 sunt

181 3171 354 3256 Epistolae,
387 3171 547 3255 praecipue
577 3169 667 3247 Vlla,
697 3169 854 3234 sententiis
878 3176 908 3233 et
930 3168 1050 3254 placitis
1074 3193 1090 3234 e
1116 3169 1183 3233 Pla·

180 3298 253 3354 tone
283 3289 446 3374 expressis,
464 3288 507 3353 'ut
530 3311 622 3374 supra
643 3289 755 3374 passim
779 3289 898 3366 notavi;
924 3289 971 3353 his
994 3297 1097 3353 tamen
1120 3312 1181 3354 non

181 3409 355 3472 continetur
385 3407 593 3493 philosophiae
623 3408 769 3472 doctrina.
813 3406 884 3487 Quo
913 3407 1022 3471 melius
1057 3407 1094 3471 de
1126 3408 1183 3472 hoc

177 3526 442 3613 judicareliceat,
466 3526 616 3590 illustrem
640 3527 717 3610 elegi
739 3526 856 3603 locum,
882 3525 935 3609 qui
951 3533 1048 3589 exstat
1063 3526 1094 3589 in
1112 3526 1183 3610 Epi·

181 3645 260 3710 stola
288 3644 370 3722 VII,
394 3669 423 3730 p.
449 3647 511 3708 342
532 3667 615 3729 sqq„
640 3645 673 3708 in
692 3667 752 3728 quo
771 3644 930 3708 disseritur
949 3643 987 3707 de
1006 3645 1180 3725 capnitioae,

112 3821 120 3839 ,
181 3786 272 3848 quam
303 3762 541 3848 disputationem
571 3771 710 3827 excutere
739 3776 768 3826 et
799 3786 869 3827 cum
899 3762 1034 3826 Platonis
1064 3762 1101 3826 de
1125 3763 1183 3827 hoc

180 3889 358 3966 argumento
383 3882 520 3946 doctrina
543 3904 716 3966 comparare
730 3882 826 3947 lubet.
850 3880 970 3945 Locum
987 3881 1059 3944 satis
1075 3882 1182 3946 obscu-

97 4061 100 4069 .
180 4024 248 4066 rum
275 4000 367 4086 paulo
391 4000 579 4066 emendatius
602 4010 633 4066 et
654 4001 828 4065 distinctius
852 4023 943 4085 quam
966 4001 1057 4085 vulgo
1081 4002 1183 4066 editur

181 4118 347 4184 describam
370 4129 400 4185 et
423 4120 516 4184 latine
538 4119 767 4204 interpretabor.
