2746 4950
641 324 683 384 40

163 555 253 608 num,
285 530 322 594 de
353 553 414 614 quo
443 530 587 614 optimam
620 553 701 614 spem
725 532 928 615 concepisset,
953 531 1172 617 philosophiae

163 672 263 714 amore
285 649 437 726 imbuere,
462 647 500 711 ad
523 648 666 712 virtutem
689 656 720 712 et
742 650 972 734 temperantiam
996 649 1170 730 adducere,

163 769 289 851 eiusque
329 789 420 851 opera
459 765 614 850 Syracusis
653 774 684 828 et
721 767 779 830 toti
819 766 938 831 Siciliae
975 767 1171 848 libertatem,

162 885 409 971 prosperitatem,
441 907 590 949 summam
619 885 766 969 denique,
792 892 827 949 ut
849 884 937 963 dicit,
961 887 1172 966 μακαρίοτντα

163 1005 319 1090 impertiri.
367 1003 424 1067 His
447 1004 624 1066 inseruntur
647 1026 682 1067 ea
705 1025 782 1087 quae
806 1003 844 1068 ad
866 1004 1012 1068 moralem
1026 1005 1172 1070 Platonis

164 1123 349 1200 doctrinam,
373 1120 502 1184 docendi
525 1121 702 1185 methodum
719 1129 749 1185 et
765 1122 1001 1208 philosophandi
1015 1124 1171 1189 rationem

163 1241 343 1306 declaranda
365 1240 527 1325 pertinent.

207 1360 262 1424 Uti
286 1368 387 1424 autem
410 1382 428 1422 a
450 1359 598 1443 promisso
614 1358 763 1423 aberravit
778 1359 923 1444 scriptor,
949 1360 993 1424 ita
1007 1361 1169 1427 interdum

165 1480 252 1565 quasi
278 1478 392 1543 oblitus
420 1477 458 1541 ad
485 1477 647 1542 familiares
676 1501 707 1541 se
731 1478 858 1542 scribere
883 1478 926 1543 sic
949 1479 1105 1563 loquitur,
1132 1491 1170 1547 ut

165 1604 307 1685 appareat
337 1597 494 1683 epistolam
525 1620 587 1661 non
619 1597 658 1661 ad
681 1598 874 1663 familiarium
899 1606 1018 1663 coetum
1042 1601 1171 1667 missam

165 1705 259 1796 esse,
274 1716 326 1781 sed
357 1716 538 1781 destinatam
561 1726 597 1781 ut
620 1717 712 1802 vulgo
735 1718 901 1803 legeretur,
927 1718 1022 1783 veluti
1045 1742 1075 1805 p:
1103 1724 1172 1786 324

165 1837 208 1900 B:
239 1837 283 1907 τίς
314 1835 338 1899 δ’
354 1829 386 1914 ᾖν
417 1836 430 1900 ὁ
461 1835 560 1916 τρόπος
592 1844 644 1910 τῆς
676 1835 813 1913 γενέσεως
837 1838 946 1912 αὐτῆς,
971 1840 1021 1902 οὐκ
1043 1839 1173 1916 ἀπάξιον

164 1957 287 2020 οἰκοῦσαι
309 1954 368 2034 νέῳ
390 1955 449 2018 καὶ
461 1955 519 2032 ’μὴ
541 1954 608 2034 νέῳ.
628 1977 658 2039 p.
680 1956 742 2019 337
760 1954 802 2018 E:
820 1957 837 2030 ἡ
854 1955 882 2020 δὲ
898 1952 1004 2035 ὕστερα
1019 1959 1172 2036 πορεία...

166 2076 202 2146 ὡς
233 2073 401 2144 εἰκότας...
425 2071 560 2155 γέγονεν,
587 2067 608 2154 ᾧ
630 2072 732 2150 μέλον
751 2074 892 2139 οἱκούενν
914 2073 1008 2151 ἔξεστι
1030 2075 1064 2139 τὸ
1087 2080 1175 2155 μετὰ

166 2199 258 2260 τοῦτο.
304 2192 458 2276 Loquitur
484 2191 522 2254 ad
545 2213 631 2254 senes
654 2198 684 2255 et
707 2214 834 2276 pueros,
858 2193 1039 2277 cuicumque
1063 2196 1174 2263 audire

168 2313 263 2378 lubet.
309 2309 468 2374 Interdum
500 2309 537 2374 de
565 2308 602 2383 iis
634 2308 671 2372 ad
700 2332 776 2393 quos
804 2309 908 2375 sc'ribit
937 2312 1074 2395 loquitur
1103 2321 1175 2380 tan-

167 2453 258 2516 quam
282 2427 319 2492 de
335 2427 419 2506 aliis,
437 2429 525 2491 tertia
541 2449 683 2512 persona,
699 2451 729 2512 p.
748 2430 810 2492 333
829 2427 874 2493 0:
891 2423 943 2494 οἷον
958 2430 1018 2511 γαρ
1033 2429 1158 2509 γέγονεν
1164 2484 1173 2518 ,

127 2606 130 2615 .
167 2552 288 2614 οἰκοῦσαι
308 2548 365 2627 χρὴ
390 2546 469 2618 τοὺς
492 2545 554 2623 ἐμὲ
569 2552 869 2626 παρακαλοῦντας
886 2549 954 2628 πρὸς
972 2549 1013 2613 τοὶ
1031 2555 1079 2614 νῦν
1098 2552 1176 2632 προί-

167 2688 288 2747 γματα.
313 2668 377 2729 334
400 2664 446 2728 0:
470 2668 556 2731 ταῦτ’
579 2665 686 2745 εἴρηται
709 2666 809 2731 πάντα
830 2675 881 2742 τῆς
900 2666 1069 2746 ξυμβουλῆς
1085 2666 1175 2736 ἕνεκα

167 2792 232 2851 τῶν
255 2784 422 2852 Διωνείων
441 2784 552 2864 Φίλων
573 2782 629 2847 καὶ
647 2782 838 2862 ξυγγενῶν.

214 2904 306 2984 Quod
336 2912 437 2969 autem
468 2902 506 2966 ad
528 2903 638 2967 Dionis
662 2905 850 2990 propinquos
873 2906 926 2990 qui
948 2906 1107 2972 Platonem
1132 2909 1174 2975 de

169 3022 384 3087 constituenda
414 3021 631 3106 Syracusarum
662 3022 784 3087 civitate
814 3025 1003 3119 consuluisse
1025 3024 1176 3092 dicuntur

169 3143 292 3218 attinet,
318 3141 440 3224 quinam
464 3141 515 3203 isti
537 3139 728 3224 intelligendi
750 3141 842 3206 sunt?

213 3259 397 3324 Plutarchus
428 3259 457 3321 iu
489 3259 552 3322 vita
574 3259 683 3323 Dionis
706 3261 830 3324 nomina
852 3263 980 3326 servavit
1002 3263 1171 3329 illustrium

169 3380 302 3444 virorum
334 3377 387 3463 qui
418 3377 526 3441 Dionis
549 3377 676 3442 consilia
699 3377 876 3465 adjuverant
899 3383 947 3446 vel
970 3382 1174 3468 expeditionis

171 3499 313 3562 adversus
346 3497 529 3582 Dionysium
563 3497 636 3561 socii
667 3498 795 3562 fucrant.
842 3499 880 3563 Iu
910 3501 958 3564 his
988 3511 1175 3570 memoratur

171 3617 279 3681 Diouis
313 3617 404 3680 frater
437 3615 610 3700 Megacles,
645 3622 712 3680 tum
747 3617 855 3702 hospes
890 3619 955 3683 cius
989 3619 1172 3708 Gallippus,

172 3736 253 3822 apud
284 3758 374 3820 quem
405 3735 533 3798 Athenis
564 3734 768 3813 habitaverat,
800 3737 853 3821 qui
881 3737 943 3802 duo
967 3762 1036 3804 cum
1058 3741 1175 3807 intran-

171 3862 233 3920 tem
257 3855 418 3940 Syracusas
441 3854 479 3919 ah
502 3860 633 3938 utroque
656 3855 750 3919 latere
773 3856 908 3921 comitati
931 3868 1014 3922 sunt.
1049 3860 1175 3927 Praeter

170 3974 227 4037 hos
259 3995 328 4037 eum
360 3972 456 4037 secuti
480 3980 552 4036 sunt
574 3972 749 4038 Timonides
772 3974 963 4055 Leucadius,
988 3979 1111 4063 quires
1135 3981 1173 4046 ab

172 4113 207 4157 eo
230 4097 330 4176 gestas
353 4091 448 4155 literis
471 4091 641 4169 mandavit,
665 4092 833 4157 Eudemius
857 4093 1005 4180 Cyprius,
1026 4099 1174 4165 Aristote-
