2746 4950
650 372 710 432 198

177 587 270 644 strare
286 589 356 644 τοῖα
372 582 457 651 ποίοις
473 578 639 661 landoari,
653 578 701 642 καὶ
715 579 774 641 τοῖ’
788 577 911 652 aarum
922 582 953 643 οὐ
964 578 1109 658 δέχεται,
1125 580 1155 644 l1.
1166 603 1190 643 e.

177 721 254 782 quae
286 700 325 762 sit
347 721 492 783 generum
516 706 546 761 et
568 697 729 760 notionum
752 695 831 759 inter
855 719 886 760 se
909 698 1129 762 convenientia
1162 708 1192 763 et

177 819 355 883 differentia.
401 818 445 882 Ut
475 818 580 903 paucis
604 817 719 891 dicam,
744 815 921 879 dialecticus
945 823 990 879 est
1015 819 1189 883 secundum

177 939 335 1001 Platonem
367 937 420 1021 qui
450 935 549 1000 valeat
580 936 650 1011 μίαν
690 934 766 997 ἰδέαν
797 934 844 998 aa
873 940 986 999 πολλῶν
1022 937 1192 1015 τεταμένην

178 1065 208 1121 et
235 1064 339 1121 contra
362 1055 476 1126 τολλθις
500 1054 554 1118 dard
577 1058 649 1132 ροιῐις
673 1052 882 1132 περιεχομένας
906 1052 1041 1118 dilucide
1064 1069 1191 1120 cernere

178 1177 281 1261 (Soph.
306 1199 335 1262 p.
361 1177 424 1238 253
449 1173 571 1258 B-D).
603 1172 689 1237 Idem
707 1179 921 1256 argumentum
937 1171 1074 1238 declarat
1091 1197 1192 1239 exem-

176 1293 227 1378 plo
257 1264 321 1358 τοῦΙ
337 1293 450 1368 οέγαθοθ
481 1293 543 1356 sive
565 1291 651 1355 ideae
674 1292 763 1366 boni,
795 1291 832 1355 de
855 1291 930 1375 Rep.
955 1288 1074 1378 VHp.
1104 1297 1189 1372 534,

177 1410 259 1475 unde
282 1410 355 1473 haec
379 1431 536 1494 excerpere
559 1396 661 1473 lubet:
687 1406 715 1479 te
739 1408 774 1473 θοι
798 1412 840 1485 μὴ
867 1411 923 1490 lm
949 1409 1127 1489 διορίσασθαι
1151 1415 1191 1493 τῷ

176 1527 255 1607 λόγῳ
278 1529 326 1591 καὶ
351 1533 405 1591 τῶν
429 1525 528 1591 ἄλλων
551 1526 668 1592 τθιτοιι
688 1528 806 1604 ἀφελὼν
826 1530 878 1601 cta
897 1533 947 1593 τοῦ
967 1530 1082 1606 οὶγοιθοῦ
1095 1529 1190 1612 ἰδέαν,

177 1647 225 1711 καὶ
257 1644 350 1725 ὥσπερ
380 1647 409 1710 ἐι
431 1645 520 1727 μοθχρ
550 1647 598 1710 aa
621 1645 735 1710 τοὶιτωι
759 1647 893 1725 ἐλέγχων
923 1645 1028 1722 διεξιὼν
1060 1651 1088 1712 ἕο
1114 1653 1192 1714 τοῖσι

178 1766 286 1836 τούτοις
317 1766 431 1830 θττιθτι
465 1768 505 1846 τῷ
540 1764 619 1846 λόγῳ
654 1765 870 1845 διατορεθιρται,
905 1766 961 1829 οὐδ’
990 1769 1063 1859 ιοιιίτδ
1086 1771 1193 1847 τοὶγοὲ-

157 1936 159 1942 2
177 1885 221 1950 θδι
236 1885 339 1967 <Dicere
355 1884 456 1949 εἰδέναι
465 1935 473 1964 ,
485 1936 492 1949 .
505 1936 530 1949 ..
554 1886 642 1962 ἀλλ’,
669 1885 695 1949 εἴ
716 1909 756 1965 πρ
778 1885 890 1949 εἰδώλου
905 1885 978 1956 τιιθς
994 1885 1174 1965 ἐφάπτεται
1182 1918 1191 1970 3

179 2002 244 2082 δθξρ
268 2005 317 2066 οὐκ
341 2003 486 2080 ἕτιστήριρ
508 2001 701 2080 ε’Φιθττεσθαι.
724 2001 793 2065 Jam
817 2024 887 2065 vero
900 2002 1074 2068 dialectices
1091 2019 1192 2090 opus,

178 2120 261 2205 quod
291 2120 460 2184 secundum
491 2120 649 2184 Platonem
681 2127 727 2184 est
757 2123 790 2183 τὸ
813 2120 925 2201 διαιρεῖν
948 2122 1028 2185 κατθι
1052 2123 1125 2200 γείιρ
1151 2127 1193 2191 τοὶ

177 2239 262 2306 θιτα,
287 2261 304 2301 a
326 2245 430 2302 nostro
454 2238 585 2302 habetur
607 2239 640 2302 το
663 2239 702 2304 τοὶ
726 2240 855 2319 τέτταρα
879 2237 996 2321 (daona,
1020 2241 1129 2320 λόγον,
1155 2243 1194 2308 εἵ-

177 2359 267 2441 διοοια)
291 2358 477 2438 διοιρρθττειι,
500 2356 565 2434 vel,
590 2365 626 2419 ut
647 2357 680 2420 in
703 2379 768 2441 sqq.
793 2356 885 2435 dicit,
909 2358 1017 2437 τρίβειν
1040 2365 1111 2438 πρὸς
1138 2360 1194 2426 θολ-
1259 2395 1262 2398 >

177 2490 258 2552 λιρλα
280 2478 374 2539 αὐτῶν
398 2471 526 2552 ἕκαστα,
552 2474 683 2553 ι’νθροατοι
706 2475 755 2539 καὶ
778 2475 901 2551 λόγους,
926 2475 1004 2556 ἕψεις
1020 2477 1071 2541 nal
1089 2480 1192 2555 αἰσθή-

177 2605 258 2668 σεις,
284 2594 342 2656 hoc
366 2592 412 2656 est
428 2585 525 2657 verbis
542 2600 571 2657 et
587 2592 817 2657 definitionibus
833 2600 863 2657 et
879 2594 1022 2678 exemplis
1038 2603 1192 2680 tanquam

181 2711 307 2775 calculis
330 2710 453 2788 ludere,
474 2711 580 2794 iisque
604 2710 808 2774 adversarium
825 2711 944 2775 fallere:
970 2713 1053 2796 quod
1078 2710 1193 2781 abillo

180 2835 300 2892 tantum
326 2827 428 2891 differt
452 2837 600 2910 quantum
616 2831 784 2906 θιτιλογικθι
797 2828 898 2893 differt
913 2831 1126 2914 οδιοθλοιιτιιέῇ,
1147 2859 1196 2899 so-

179 2947 280 3032 phista
303 2969 320 3010 a
342 2945 535 3031 philosopho.
571 2946 796 3030 Philosophus,
820 2942 988 3012 secdnduili
1010 2946 1193 3033 Platonem,

179 3073 316 3130 versatur
339 3066 371 3129 in
394 3065 570 3150 cognitione
593 3071 648 3130 τῶι
666 3063 768 3140 darae,
785 3068 863 3150 quae
879 3066 943 3130 sola
958 3068 1039 3131 'certa
1054 3065 1087 3134 e't
1102 3071 1196 3137 lirina

179 3180 269 3261 sun‘t,
304 3207 434 3268 quorum
467 3191 606 3247 naturam
637 3183 667 3247 et
698 3185 757 3248 vim
788 3186 990 3270 comparando
1022 3198 1052 3250 et
1078 3190 1196 3257 dis'cer'-

178 3303 278 3368 nendo
299 3324 477 3386 cognoscere
494 3302 597 3366 studet
604 3328 614 3380 3
631 3302 767 3388 sophista
782 3302 916 3367 elaborat
931 3306 1060 3369 maxime
1073 3307 1108 3372 in
1123 3314 1193 3373 ver·

178 3422 225 3486 bis
256 3428 286 3485 et
317 3419 561 3497 definitionibus,
594 3442 671 3504 quae
702 3420 785 3484 fluxa
808 3429 838 3485 et
859 3422 975 3486 incerta
998 3431 1071 3487 sunt
1096 3431 1127 3488 et
1153 3428 1195 3493 de

180 3539 290 3623 quibus
310 3538 573 3623 epistolo'grapllus
593 3540 658 3624 ipse
670 3547 815 3603 testatur:
833 3540 928 3619 ρούριος
941 3541 965 3603 δ’
973 3538 1011 3605 αὖ
1022 3540 1112 3617 λόγος
1125 3547 1193 3626 περὶ

178 3658 299 3723 ἕκαστον
322 3663 376 3721 τῶν
395 3655 539 3737 τεττάρων
559 3661 594 3728 ὡς
606 3659 734 3738 ἀσαφές.
765 3655 823 3722 His
840 3658 1025 3723 adversarios
1040 3660 1143 3726 irretit
1161 3670 1195 3730 et

180 3777 208 3840 in
236 3777 409 3852 οὶιτολογίας
434 3775 554 3840 inducit
569 3778 589 3861 ¹)
615 3776 783 3860 efficitque,
808 3785 843 3841 ut
867 3775 957 3840 Plato
982 3777 1073 3856 dicit,
1092 3789 1194 3864 φανῆ-

214 3977 235 4032 1)
254 3975 291 4023 cf.
309 3974 337 4022 de
355 3975 413 4037 Rep.
433 3975 467 4034 V,
485 3990 509 4038 p.
526 3978 574 4023 454
593 3979 625 4025 A:
644 3978 681 4027 διὰ
699 3982 775 4041 τὸμὴ
794 3977 899 4028 δύνασθαι
917 3975 970 4029 κατ’
984 3978 1032 4035 εἴδη
1050 3979 1191 4048 decapolim.

180 4089 209 4120 ιοι
230 4074 257 4120 τὸ
281 4073 398 4134 λεγόμενοι
422 4070 562 4134 lursmarin,
581 4075 640 4122 ἀλλὰ
657 4069 707 4124 κατ’
725 4076 781 4122 αὐτὸ
797 4072 895 4136 colman
912 4073 995 4123 διῶκιιν
1011 4080 1050 4124 τοῦ
1067 4075 1190 4141 dextimos

179 4173 219 4226 τὴν
235 4171 364 4219 ἐναντίωσιν.
