2746 4950
664 349 724 409 165

196 560 256 617 tus.
304 552 451 633 Quaestio
476 553 620 631 obscura,
645 553 682 618 de
706 577 766 638 qua
789 556 813 617 si
830 560 945 618 certum
960 554 1125 639 comperire
1141 552 1195 616 dif-

199 673 293 752 ficile,
322 681 424 738 tamen
451 673 525 758 quid
547 674 703 758 probabile¹
725 676 782 752 sit,
815 673 991 739 examinatis
1014 673 1195 757 scriptorum

196 793 394 870 testimoniis,
423 815 611 877 quaeramus.

239 1028 311 1093 Duo
342 1035 415 1092 sunt
443 1034 535 1092 testes
566 1028 619 1111 qui
642 1027 679 1091 de
701 1027 749 1092 his
772 1027 1065 1113 peregrinationibus
1087 1029 1193 1093 ceteris

194 1147 313 1233 plenius
333 1147 534 1232 retulerunt:
569 1146 645 1210 alter
675 1152 730 1221 est¹
751 1145 917 1231 Apuleius,
942 1147 1017 1211 alter
1042 1147 1193 1232 Diogenes

194 1264 345 1330 Latrtius.
825 1258 827 1263 ¹

238 1383 331 1468 Apud
348 1382 532 1468 Apuleium,
549 1381 586 1446 da
602 1382 703 1467 dogm.
716 1381 795 1447 Plat.
807 1382 838 1461 I,
855 1405 881 1447 c.
895 1383 1018 1461 3,haeo
1030 1384 1191 1469 leguntur:

191 1502 416 1586 „Posteaquam
439 1500 574 1565 Socrates
598 1500 734 1564 homines
757 1502 899 1585 reliquit,
917 1503 1065 1586 quaesivit
1081 1503 1193 1588 (Plato)

192 1620 274 1685 uude
296 1621 468 1706 proficeret,
493 1625 523 1683 et
546 1619 584 1683 ad
606 1619 796 1704 Pythagorae
819 1619 1009 1704 disciplinam
1032 1643 1064 1685 se
1087 1628 1192 1685 contu-

191 1740 291 1805 lit...
337 1738 378 1804 ut
400 1737 482 1823 quod
505 1738 763 1823 Pythagoreorum
785 1739 942 1823 ingenium
961 1740 1101 1825 adjutum
1124 1740 1191 1804 aliis

192 1858 358 1944 disciplinis
388 1857 550 1936 sentiebat,
582 1856 620 1920 ad
648 1857 841 1921 Theodorum
864 1857 995 1943 Cyrenas
1018 1867 1053 1922 ut
1075 1882 1190 1944 geome-

190 1977 279 2042 triam
321 1975 450 2040 disceret
487 1981 532 2039 est
566 1975 718 2060 profectus
725 2001 735 2053 3
767 1984 797 2040 et
828 1976 1021 2060 astrologiam
1054 1977 1190 2062 adusque

191 2097 365 2179 Aegyptum
388 2094 443 2158 ivit
466 2095 614 2180 petitum,
638 2102 673 2158 ut
688 2094 759 2158 inde
775 2095 991 2180 prophetarum
1005 2097 1082 2160 ritus
1098 2097 1188 2162 etiam

191 2213 369 2279 addisceret.
422 2212 464 2277 Et
493 2212 532 2277 ad
562 2213 682 2278 Italiam
712 2214 822 2278 iterum
853 2215 953 2292 venit,
983 2215 1188 2300 Pythagoreos

189 2333 362 2409 limitatum
388 2331 561 2417 (Eurytum)
580 2332 778 2397 Tarentinum
802 2339 832 2397 et
853 2334 1001 2430 seniorem
1023 2334 1189 2419 Archytam

188 2458 330 2515 sectatus.
366 2452 469 2535 Atque
491 2450 562 2515 inde
585 2450 623 2514 ad
646 2450 739 2515 Indos
759 2458 789 2514 et
804 2450 912 2535 Magos
931 2451 1111 2517 intendisset
1126 2453 1188 2516 ani·

188 2593 291 2647 mum,
314 2569 374 2633 nisi
395 2577 470 2633 tunc
493 2592 562 2633 eum
585 2568 665 2633 bella
686 2569 885 2634 vetuissent.”

234 2687 377 2768 Quonam
406 2710 443 2752 ex
473 2687 557 2751 fonte
584 2687 733 2772 Apuleius
759 2689 833 2752 haec
859 2688 994 2752 hauserit
1019 2710 1074 2752 nos
1101 2688 1184 2754 latet.

186 2806 405 2872 Stallbaumius
419 2808 443 2889 l)
466 2828 482 2870 e
504 2805 666 2891 Speusippi
688 2805 767 2870 libro
789 2805 913 2869 fluxisse
933 2805 1104 2890 suspicatus
1125 2814 1184 2886 est,

185 2925 218 2989 in
248 2947 309 3009 quo
338 2924 384 2988 vir
415 2924 523 2989 doctus
547 2924 611 2988 falli
634 2924 762 2988 videtur.
808 2924 958 3009 Apuleius
981 2925 1186 3011 Speusippum

186 3050 339 3107 auctorem
368 3043 504 3107 nominat
534 3042 566 3106 in
589 3043 626 3107 iis
650 3064 727 3126 quac
750 3042 842 3107 habet
864 3042 901 3106 de
924 3042 1059 3107 Platonis
1082 3043 1185 3108 indole

185 3170 216 3227 et
237 3163 378 3247 ingenio,
402 3184 466 3248 cap.
484 3164 503 3224 2
509 3188 518 3240 3
543 3161 653 3226 deinde
675 3183 745 3225 vero
763 3167 924 3247 postquam
939 3163 1056 3247 po'e'tica
1070 3170 1101 3227 et
1119 3163 1185 3247 phi·

182 3281 338 3367 losophica
368 3281 432 3345 eius
464 3281 566 3345 studia
588 3280 692 3365 paucis
717 3280 862 3358 absolvit,
887 3303 952 3366 cap.
978 3283 996 3344 3
1022 3289 1052 3344 et
1074 3283 1095 3344 A
1118 3305 1183 3366 pcr-

184 3401 229 3486 git
259 3400 291 3463 in
314 3399 496 3464 enarrandis
511 3399 688 3477 itineribus;
711 3399 744 3463 in
766 3399 814 3463 his
839 3407 940 3464 autem
962 3407 1069 3464 testem
1093 3400 1181 3465 illum

181 3540 244 3583 non
267 3520 359 3596 citat,
383 3517 466 3602 quod
489 3541 560 3582 sane
583 3540 644 3582 non
672 3518 839 3596 omisisset,
864 3540 925 3603 quo
948 3519 1017 3602 plus
1041 3519 1182 3604 ponderis

183 3636 305 3702 haberet
328 3637 424 3721 ipsius
455 3637 678 3714 testimonium,
702 3638 877 3722 praesertim
903 3659 998 3721 quum
1021 3638 1059 3701 ad
1082 3637 1182 3702 defen-

180 3756 315 3821 dendum
337 3756 496 3821 Platonem
519 3757 560 3819 sit
582 3757 794 3841 compositum.
841 3756 1015 3835 Praeterea,
1040 3780 1116 3842 quae
1140 3757 1178 3821 de

180 3877 335 3962 proposito
366 3875 449 3940 illius
480 3874 587 3939 itinere
617 3874 656 3939 ad
686 3874 780 3968 Indos
804 3876 964 3961 etMagos
988 3885 1118 3961 atquae
1142 3877 1179 3941 de

187 4045 377 4057 a—*u

204 4136 228 4195 1)
251 4135 280 4183 In
295 4135 350 4184 diss.
361 4134 390 4183 de
401 4134 493 4183 Platon.
504 4134 566 4192 vita,
576 4133 702 4198 praemissa
710 4134 767 4183 edit.
785 4134 913 4200 Apologias
923 4138 947 4183 et
956 4135 1074 4193 Critonis,
1085 4151 1107 4199 p.
1122 4136 1172 4185 XX.
