2746 4950
667 333 709 396 45

181 543 415 630 repetitionibus
439 549 469 607 et
490 542 633 608 inanibus
657 543 754 608 verbis
782 550 919 608 scateret.
967 545 1085 610 Deinde
1109 545 1189 630 pleo-

180 686 314 727 nasmus·
330 669 376 726 cst
398 661 499 726 denuo
522 662 555 725 in
577 661 668 726 verbo
691 661 808 740 οῖεσύαν,
838 663 921 747 quod
945 665 1118 748 appositum
1142 671 1188 728 est

182 781 331 846 vocabulo
361 781 456 859 δόξαν.
503 780 621 845 Similes
653 780 776 864 quidem
806 781 973 866 pleonasmi
1002 783 1035 848 in
1061 783 1189 846 Platone

182 901 338 966 interdum
369 907 533 965 occurrunt
540 949 549 978 ,
582 899 634 964 sed
661 900 705 963 ita
735 907 771 964 ut
800 900 838 964 ad
864 901 1110 986 perspicuitatem
1138 901 1190 966 ali·

182 1019 256 1104 quid
281 1019 451 1098 conferant,
467 1018 552 1083 velut
571 1019 603 1082 in
622 1018 758 1103 lluthyd
775 1042 805 1104 p.
826 1022 890 1083 305
911 1019 954 1083 D:
972 1023 1111 1098 ἡγοῦνται
1131 1018 1187 1098 οὖν,

183 1138 234 1202 εὀδν
256 1138 372 1211 τούτους
394 1138 433 1210 εἰς
457 1135 565 1213 δόξαν
583 1137 804 1213 καταστήσωσι,
826 1137 944 1215 μηδενὸς
964 1140 1074 1203 δοκεῖν
1093 1137 1189 1216 οέξῖονς

180 1253 252 1322 εἶναι
269 1258 308 1340 ¹):
334 1256 388 1321 ubi
411 1257 437 1320 si
459 1257 547 1321 δοκεῖν
570 1255 705 1335 tollitur,
730 1256 887 1321 obscurior
907 1257 942 1321 fit
957 1257 1106 1322 sententia
1113 1283 1122 1336 ;
1140 1257 1189 1321 hio

181 1382 287 1440 contra
317 1373 421 1441 οῖεσύαν
452 1375 665 1460 perspicuitati
687 1375 781 1440 officit
803 1375 906 1460 potius
930 1398 1021 1460 quam
1048 1376 1187 1461 prodest,

180 1518 238 1560 nec
258 1495 439 1594 elegantiam
463 1502 555 1603 auget
577 1495 797 1559 infinitivorum
821 1495 988 1560 cumulatio
1011 1493 1115 1561 οῖεσύοα
1131 1496 1188 1561 δεῖν

180 1612 262 1682 εἶναι.
302 1615 436 1679 Similem
460 1615 672 1701 pleonasmum
695 1614 869 1679 notavimus
892 1615 982 1679 modo
1005 1615 1090 1679 verbi
1112 1615 1186 1693 δεῖν;

172 1757 220 1798 -en
243 1734 302 1798 alia
325 1733 474 1818 quaedam
498 1733 651 1818 exempla:
676 1756 705 1818 p.
723 1736 786 1798 328
803 1733 847 1797 B:
871 1731 947 1812 ὅμως
962 1733 1061 1815 ἔρρεψε
1076 1734 1187 1801 δεῖν...

183 1850 331 1932 πειρατέον
362 1849 449 1930 εἶναι,
480 1852 540 1915 nisi
571 1852 621 1915 hie
650 1851 777 1916 fortasse
807 1859 863 1937 pro
892 1853 947 1917 δεῖν
975 1851 1187 1937 corrigendum

182 1973 282 2038 δοκεῖν.
306 1994 336 2056 p.
354 1974 417 2035 348
434 1970 476 2035 G:
501 1970 537 2036 διν
560 1968 618 2051 ἄρα
640 1972 681 2049 μὴ
706 1970 774 2053 δόξαν
797 1971 853 2039 δεῖν
876 1971 963 2037 αὐτὸν
985 1973 1067 2036 οἰκεῖν
1090 1973 1118 2036 ἐν
1140 1982 1188 2037 Σο-

180 2092 274 2175 κελῖα.
299 2115 328 2176 p.
354 2093 417 2154 253
442 2092 489 2153 A:
513 2092 676 2169 οῖνανκαῖον
698 2086 770 2155 εἶναι
791 2089 868 2167 ἔδοξέ
889 2115 937 2168 μον
959 2092 1069 2171 ῥνύῆναν
1092 2091 1155 2157 δεῖν.

222 2211 326 2274 Ὥστε
355 2209 430 2275 οὐδὲν
461 2208 630 2288 ύανμαστδν
661 2207 688 2273 εῖ
714 2234 758 2280 τος
788 2209 854 2273 θεῶν
880 2208 930 2274 καῖ
952 2215 1052 2274 τοῦτον
1074 2211 1113 2282 εἷς
1135 2210 1188 2284 τὴν

180 2330 272 2404 αὐτὴν
299 2327 384 2405 δόξαν
406 2328 640 2407 περὶπολιτείας
662 2328 755 2408 ε’κεῖνῳ
777 2327 910 2406 γενέσθαι
932 2326 1086 2410 ξύμφωνον
1108 2330 1188 2405 ταύ-

179 2471 263 2512 σενεν.
299 2445 338 2509 In
360 2444 408 2507 his
431 2445 591 2509 dubitatur
613 2445 815 2539 legendumne
837 2445 877 2508 sit
891 2443 1044 2528 ξύμφωνον
1060 2467 1099 2508 an
1114 2443 1186 2523 ξύμ-

181 2574 274 2647 φρονα
310 2561 392 2646 (libri
423 2562 474 2626 alii
504 2561 667 2646 ξύμφωνα,
703 2562 754 2626 alii
779 2561 943 2647 ξύμφρονα)
950 2589 960 2641 ;
991 2550 1083 2648 prius
1106 2571 1187 2626 certe

180 2682 376 2768 eligendum,
408 2704 479 2745 nam
511 2681 639 2746 alterum
663 2689 709 2746 est
730 2681 873 2746 insolens.
913 2683 956 2746 At
978 2680 1117 2765 ξύμφρων
1139 2681 1187 2746 vel

180 2799 336 2883 ξύμφωνος
367 2801 406 2871 εἰς
437 2801 488 2876 τὴν
512 2802 603 2875 αὐτὴν
625 2800 724 2878 δόξαν,
748 2822 875 2877 concors,
899 2801 1099 2864 coanimata
1121 2823 1186 2865 eoa-

181 2923 244 2984 dem
273 2921 457 2996 seutentiam,
490 2918 566 3002 qnid
597 2927 643 2984 cst
664 2921 723 2985 nisi
745 2919 891 3004 languida
914 2918 1105 3004 tautologia?
1135 2917 1188 2983 Vi-

180 3039 272 3103 detur
300 3060 371 3103 vero
402 3037 531 3122 scriptor
561 3037 618 3101 hoc
649 3039 747 3102 dicere
777 3037 929 3102 voluisse:
960 3039 998 3109 εἷς
1028 3037 1062 3102 τὸ
1092 3040 1120 3102 ἐν
1149 3047 1186 3120 τῇ

181 3160 257 3238 αὐτῇ
288 3155 353 3237 δόξῃ
384 3157 526 3222 διατελεῖν
557 3158 642 3223 Δίωνι
673 3158 826 3240 ξύμφωνον
848 3157 998 3237 γενέσθαι,
1026 3179 1111 3235 „non
1133 3157 1187 3220 mi-

180 3298 263 3354 rum,
288 3275 314 3337 si
337 3275 405 3359 quis
429 3275 503 3338 deus
528 3298 596 3339 eum
620 3276 653 3338 in
673 3277 730 3340 hoc
746 3299 815 3340 cum
832 3275 931 3339 Dione
947 3275 1186 3339 consentientem

180 3394 288 3471 faeiat,
318 3402 353 3457 ut
376 3416 471 3477 aeque
494 3399 585 3477 atquc
607 3393 659 3458 ille
682 3394 715 3457 in
738 3416 773 3458 aa
796 3416 856 3477 qua
880 3401 925 3456 est
948 3393 1097 3457 sententia
1119 3417 1185 3479 per·
1272 3369 1274 3372 ‚

181 3512 326 3579 ενονοτθῖ.η
373 3511 406 3574 Si
428 3511 486 3575 hoc
508 3512 621 3590 voluit,
646 3535 753 3598 parum
777 3520 916 3577 accurate
939 3513 1061 3576 locutus
1085 3519 1139 3576 est.

226 3631 448 3694 Praefationcm
472 3631 514 3694 sic
538 3628 714 3695 concludit:
738 3631 782 3702 τῖς
806 3630 829 3695 δ’
845 3627 878 3705 ἦν
900 3633 914 3697 δ
936 3613 1037 3711 ἷτρύσος
1059 3639 1112 3704 τῆς
1134 3653 1184 3706 νε-

180 3749 280 3821 νὲσεως
304 3751 395 3824 αὐτῆς
420 3751 473 3833 (εο.
496 3757 550 3824 τῆς
573 3746 682 3833 δύξκς),
707 3749 756 3812 οὐκ
778 3747 903 3824 οέτύξων
926 3749 1048 3812 οἰκοῦσαν
1071 3746 1120 3828 νέῳ
1135 3746 1184 3811 καῖ

180 3868 223 3946 μδ
246 3866 305 3947 νέῳ.
340 3863 426 3929 Belle
449 3866 564 3931 scilicet
587 3866 703 3930 dictum
726 3887 801 3950 pro:
826 3863 884 3930 ύύεν
907 3868 987 3942 αὐτῷ
1012 3864 1060 3939 ἥδε
1082 3863 1185 3941 ἡδύξα

216 4125 240 4186 1)
256 4125 294 4175 ef.
311 4124 336 4176 ll.
353 4125 440 4175 collata
456 4126 485 4174 ab
503 4125 639 4175 Heindorfio
656 4125 685 4174 ad
701 4126 765 4174 hunc
780 4127 868 4176 locum.
