2746 4950
664 363 722 425 115

186 591 252 634 non
275 579 338 634 tam
359 569 530 654 ignorantia
553 568 599 631 vel
622 569 741 633 incuria
764 592 854 652 quam
878 570 948 634 odio
965 578 994 634 et
1010 572 1107 656 gratia
1122 572 1194 636 duc·

188 698 248 753 tus.
295 689 373 753 Tota
403 688 484 753 anim
512 688 639 773 epistola
667 696 777 772 aposto*
792 689 904 773 scripta
934 698 979 752 est
1010 689 1048 753 ad
1078 691 1196 776 vitupo-

187 809 319 872 randum
346 808 546 892 Dionysium,
570 807 756 871 laudandum
782 807 929 887 Dionem,
953 811 1083 874 maxima
1104 831 1193 886 vero,

188 928 227 992 ad
251 927 458 992 extollendum
481 926 650 991 Platonem.

235 1045 328 1126 Quod
351 1047 390 1110 ad
412 1046 595 1131 Dionysium
618 1047 744 1122 attinet,
769 1046 826 1109 etsi
848 1046 936 1110 facile
959 1045 1108 1111 credimus
1125 1068 1194 1111 cum

188 1165 333 1230 maluisse
361 1165 485 1230 doctum
513 1164 608 1227 videri
631 1186 723 1247 quam
746 1186 827 1242 esse,
852 1173 952 1228 tamen
975 1187 1074 1248 noque
1096 1167 1194 1247 νέφνένς

186 1284 263 1362 fuit,
287 1292 324 1348 ut
346 1284 413 1368 ipsa
437 1282 565 1369 epistola
591 1282 721 1359 fatetur,
746 1305 802 1346 neo
826 1289 888 1346 tam
911 1283 1086 1355 catathema
1103 1305 1193 1366 quam
1315 1332 1316 1336 ,

187 1402 277 1466 Plato
300 1425 370 1467 cum
393 1402 485 1467 hrisse
510 1401 631 1480 scribit;
656 1403 744 1465 cuius
760 1403 804 1466 rei
820 1409 998 1486 argumento
1014 1425 1078 1466 csse
1093 1410 1194 1488 potest

186 1521 377 1586 consuetudo
408 1544 485 1606 quae
520 1521 547 1585 ai
570 1543 639 1584 cnm
664 1520 827 1599 Helicone,
857 1521 1028 1606 Aristippo,
1059 1520 1224 1606 Archyta¹

187 1642 316 1724 aliisque
335 1640 533 1724 Pythagoreis
554 1640 629 1716 fuit,
647 1651 738 1722 atque
755 1641 779 1703 si
795 1641 876 1724 ipsa,
893 1648 929 1703 ut
945 1641 1072 1724 epistola
1084 1663 1194 1705 memo·

186 1770 253 1838 rat,
277 1761 388 1825 librum
412 1759 449 1823 de
473 1758 666 1845 philosophia
689 1760 825 1844 scripsit,
850 1759 882 1822 id
905 1782 976 1823 sane
999 1759 1107 1844 probat
1123 1782 1192 1824 eum

185 1903 248 1944 non
278 1880 321 1943 ita
347 1879 454 1943 leviter
475 1902 538 1943 ram
563 1879 707 1963 attigisse.
754 1877 863 1962 Neque
886 1901 956 1942 vero
980 1877 1141 1956 credibile,
1166 1879 1193 1942 si

185 1997 351 2082 Dionysius
382 2005 445 2062 tam
474 1998 590 2061 alienus
620 1998 726 2061 fuisset
758 1996 1008 2082 aphilosophia,
1032 1998 1192 2061 Platonem

185 2127 240 2180 aut
278 2119 387 2181 iterum
423 2116 584 2202 Syracusas
619 2118 788 2201 profectum
823 2125 875 2180 aut
906 2124 968 2180 tam
987 2116 1042 2180 diu
1070 2117 1190 2180 ineius

185 2235 257 2299 aula
280 2241 497 2315 cpmmoratum
517 2235 629 2313 fuisse,
654 2234 737 2319 quod
760 2219 887 2319 tempus
905 2256 967 2298 non
991 2256 1078 2298 omne
1102 2234 1191 2318 nugis

185 2362 217 2418 61
236 2355 345 2439 jurgiis
369 2361 573 2432 transactum,
600 2354 652 2417 sed
675 2355 785 2440 partim
809 2341 890 2418 ccrte‘
912 2354 1132 2418 mathematicis
1160 2362 1190 2417 et

184 2473 316 2558 politicis
339 2473 429 2537 rebus
453 2473 640 2558 impertitum
663 2473 756 2536 fuisse
779 2474 845 2558 ipsa
868 2472 995 2557 epistola
1018 2472 1134 2536 indicat
1161 2480 1192 2535 61

135 2649 137 2652 .
185 2593 296 2657 diserte
320 2592 469 2656 affirmant
491 2591 638 2655 historici.
686 2591 758 2654 Vid.
786 2591 843 2676 Ep.
868 2589 948 2668 VII,
974 2590 1097 2654 33111.
1123 2590 1189 2667 III,

183 2734 214 2795 p.
240 2713 303 2774 319
328 2710 354 2774 Β
378 2709 417 2790 Ο,
443 2713 561 2774 61316
586 2713 623 2774 Α.
648 2710 802 2776 Plutarch.
827 2711 918 2775 Dion.
944 2733 969 2774 c.
998 2712 1046 2775 13.

229 2829 322 2909 Quod
350 2837 451 2894 autem
478 2831 517 2894 ad
540 2831 607 2895 lites
631 2831 813 2916 Dionysium
837 2831 917 2894 inter
940 2839 971 2894 et
993 2829 1125 2893 Dionem
1148 2837 1191 2893 at

183 2950 278 3028 tinet,
303 2950 433 3034 epistola
458 2973 577 3016 omnem
594 2951 715 3036 culpam
732 2952 764 3014 in
780 2960 944 3036 tyranuum
960 2950 1091 3028 confert,
1109 2949 1191 3032 quod

183 3075 261 3132 assat
289 3069 473 3147 invidiosus,
506 3071 665 3154 suspicax,
690 3069 944 3134 calumniatorum
968 3069 1098 3132 susurris
1121 3068 1191 3131 faci·

182 3187 228 3253 les
252 3210 338 3253 aures
362 3189 518 3273 praebens
544 3190 680 3274 Apparet
701 3196 802 3253 tamen
819 3187 937 3265 ambos,
951 3188 1012 3273 jam
1030 3194 1190 3270 antequam

183 3313 322 3369 mortuus
354 3313 399 3370 est
430 3307 596 3391 Dionysius
630 3314 731 3391 pater,
767 3306 805 3370 de
839 3306 1011 3392 principatu
1045 3305 1125 3368 inter
1159 3327 1190 3366 sa

182 3425 390 3504 contendisse,
431 3438 461 3489 et
491 3426 628 3509 quamvis
658 3425 719 3488 Dio
742 3425 895 3510 praeclara
917 3425 1011 3489 fucrit
1033 3422 1136 3487 indole
1159 3430 1190 3486 61

183 3543 300 3627 magnis
329 3544 443 3628 ingenii
474 3544 627 3626 animique
657 3543 821 3607 virtutibus
843 3543 1018 3627 praedituS,
1043 3541 1124 3605 idom
1147 3547 1191 3604 ta-

182 3683 252 3724 men
283 3668 346 3725 erat
376 3663 498 3726 honoris
529 3662 659 3747 cupidus
687 3669 716 3726 et
739 3662 776 3725 ad
800 3661 1012 3747 imperandum
1036 3683 1127 3744 quam
1150 3660 1208 3725 ad.

182 3780 348 3866 parendum
371 3781 543 3866 proclivior.
580 3782 726 3867 Superbia
751 3782 815 3844 eius
839 3788 869 3844 61
892 3781 1030 3845 attalaia
1053 3780 1189 3863 tangitur

180 3899 213 3962 in
235 3898 374 3984 Epistola
396 3898 443 3961 IV
456 3899 524 3967 ¹sub
548 3890 661 3964 finam?
685 3901 802 3976 ἐνθυμοῦ
827 3899 856 3962 δέ
879 3898 928 3962 καὶ
952 3895 994 3963 ὅτι
1011 3899 1098 3968 δοκεῖς
1115 3897 1187 3961 τισὶν

182 4016 359 4097 ἐνδεεστέρως
396 4023 447 4082 τοῦ
481 4019 665 4098 προσήκοντος
700 4016 901 4098 θερνπεντνκὸς
935 4013 1024 4080 εἶναι·
1066 4017 1107 4092 μὴ
1142 4012 1186 4079 οὖν

182 4135 345 4200 λνννένννένω
379 4161 429 4212 σε,
474 4135 516 4200 t'a
552 4136 599 4200 aa
628 4142 678 4200 τοῦ
708 4136 834 4213 ἀρέσκειν
868 4142 926 4207 τοῖς
960 4133 1111 4213 ἀνθρώποις
1138 4135 1186 4198 καὶ
1245 4154 1248 4165 “
