2746 4950
668 357 711 417 34

193 559 356 643 potuisset,
379 559 481 624 faciles
504 582 591 624 aures
614 561 755 645 praebuit
778 560 1033 640 assentatoribus,
1050 583 1202 651 ¹quorum

191 676 392 743 delationibus
426 679 540 742 factum
573 702 654 757 esse,
682 687 718 744 ut
753 679 813 744 Dio
841 704 857 745 e
885 681 983 766 patria
1007 681 1200 766 pelleretur,

191 796 278 860 Plato
300 797 405 861 multis
425 797 571 862 molestiis
587 797 716 862 afflictus
732 822 764 863 re
779 799 892 863 infecta
907 798 1025 863 abierit.
1050 800 1096 863 At
1111 800 1201 865 brevi

191 914 372 1000 Dionysium
393 916 542 980 factorum
565 917 725 1001 poenituit.
761 916 821 981 Dio
845 918 925 982 enim
948 917 1043 1003 copiis
1067 940 1084 981 e
1109 918 1200 984 Pelo-

189 1056 322 1119 ponneso
353 1035 492 1099 adductis
515 1035 604 1099 illum
628 1059 787 1121 aggressus
817 1036 864 1100 bis
887 1036 1027 1101 liberavit
1050 1038 1198 1122 patriam.

189 1151 246 1216 Sed
268 1154 377 1217 Dionis
400 1154 544 1220 beneficio
566 1154 710 1239 indignos
731 1178 762 1219 se
777 1155 984 1239 praebuerunt
999 1153 1196 1240 Syracusani.

188 1269 274 1352 Quae
296 1271 406 1336 deinde
428 1278 533 1337 secuta
548 1280 638 1351 suut,
662 1273 751 1357 plane
767 1273 961 1353 δημηγορικοῖς
976 1283 1196 1359 exponuntur:

186 1386 239 1456 alca
268 1393 327 1472 γὰρ
357 1391 476 1469 γέγονεν
483 1441 493 1470 ,
524 1393 645 1456 ἀκοῦσαι
674 1392 732 1472 χρὴ
761 1392 827 1465 τοὺς
856 1394 908 1471 ἐμὲ
943 1399 1196 1474 παρακαλοῦντας

186 1511 253 1592 πρδς
275 1512 316 1577 τα
335 1518 382 1577 νῦν
401 1512 571 1592 πράγματα
589 1513 630 1596 (p.
648 1513 711 1574 333
725 1509 775 1596 Ο),
792 1518 823 1575 et
837 1511 943 1575 eadem
958 1519 1063 1576 tenore
1079 1520 1193 1578 cetera.

186 1630 298 1695 Narrat
327 1629 457 1694 Dionem
486 1653 519 1693 a.
533 1629 654 1694 duobus
676 1630 837 1709 fratribus,
862 1631 1005 1715 profectis
1027 1652 1100 1714 oum
1124 1633 1194 1718 ipso

186 1750 314 1814 Athenis
337 1749 376 1813 ad
390 1749 563 1814 liberandos
580 1748 801 1834 Syracusanos,
820 1749 1006 1814 trucidatum
1022 1772 1097 1814 esse.
1131 1750 1194 1815 Ne·

184 1869 293 1933 sarium
316 1870 374 1933 hoc
398 1868 512 1946 scelus,
541 1868 691 1952 flagitiosa
712 1868 856 1931 iuvenum
882 1866 1116 1933 Atheniensium
1141 1870 1193 1934 ad·

184 2012 286 2053 versus
313 1988 443 2053 amicum
463 1987 601 2074 perfidia,
625 1987 866 2071 indignationem
888 1995 990 2051 movet
1013 1988 1192 2074 scriptoris,

184 2108 252 2190 qui,
275 2107 336 2171 tale
350 2106 468 2171 facinus
484 2129 523 2170 ne
538 2106 678 2170 universo
694 2105 928 2170 Atheniensium
944 2105 1060 2192 populo
1076 2107 1192 2191 probro

183 2233 333 2303 vertatur,
350 2225 455 2311 objicit
474 2248 506 2289 se
528 2246 649 2310 quoque
670 2247 734 2288 esse
752 2225 846 2288 civem
859 2225 1090 2289 Atheniensem:
1107 2227 1191 2308 φημὶ

183 2346 241 2426 γὰρ
264 2348 390 2411 κάκεῖνον
411 2346 557 2420 Ἀθηναῖοι
579 2341 650 2410 εἶναι
668 2341 697 2418 ὃς
720 2346 751 2408 οὐ
775 2343 917 2424 προῦδωκε
940 2344 988 2409 τδν
1011 2343 1098 2408 αὑτὸν
1120 2351 1188 2410 τοῦ·

181 2488 228 2528 τον
251 2465 386 2549 (Δίωνα),
409 2462 470 2540 ε’ξὸν
492 2465 639 2545 χρήματα
661 2465 710 2528 καὶ
733 2461 832 2534 ἄλλοις
856 2463 947 2539 τιαθις
969 2465 1085 2535 πολλὰς
1105 2478 1188 2542 λαρι-

181 2583 292 2660 βοίνειν,
316 2607 346 2668 p.
371 2585 435 2646 334
458 2582 495 2646 Β.
518 2581 597 2645 Tum
625 2581 772 2659 ostendit,
797 2581 952 2664 quodnam
968 2582 1007 2644 sit
1022 2581 1190 2648 discrimen

181 2701 260 2764 inter
278 2702 329 2775 τὴν
348 2701 496 2780 ἐλευθέρας
518 2697 651 2773 παιδείας
667 2699 821 2777 κοινωνίαν,
838 2700 868 2763 h.
882 2723 908 2764 e.
926 2700 1090 2764 amicitiam
1106 2723 1190 2766 com·

182 2820 267 2882 muni
288 2818 498 2904 philosophiae
514 2818 602 2882 cultu
618 2818 796 2896 conflatam,
820 2825 912 2902 atque
928 2819 1083 2903 vulgarem
1099 2819 1189 2885 illam

182 2944 212 3001 et
234 2935 381 3015 βάναυσον
402 2935 561 3020 φιλθτντα.

225 3054 380 3136 Quorsum
402 3056 476 3120 haec
499 3054 622 3119 omnia?
638 3055 729 3119 Idne
745 3056 814 3139 quis
831 3063 973 3138 quaerat,
991 3056 1076 3119 addit
1091 3059 1189 3144 scrip·
1221 3118 1224 3122 .

180 3179 244 3251 tor,
268 3196 298 3257 p.
324 3175 388 3236 334
412 3172 453 3236 O:
477 3177 564 3239 ταῦτ’
587 3172 694 3253 εἴρηται
717 3173 819 3238 πάντα
841 3183 893 3249 τῆς
916 3172 1086 3251 ξυμβουλῆς
1098 3175 1186 3242 ἕνεκα

179 3297 234 3356 τῶν
265 3294 402 3357 Διωνείων
434 3293 529 3374 φίλων
559 3292 608 3356 καί
639 3291 797 3370 ξυγγενῶν.
840 3291 959 3355 Deinde
989 3293 1097 3357 suadet
1128 3295 1185 3374 iis,
1278 3366 1280 3371 ¹

180 3410 262 3494 quod
293 3411 389 3474 idem.
394 3413 457 3495 jam
480 3410 597 3495 pridem
620 3411 786 3495 Dionysia,
811 3418 878 3475 tum
901 3411 995 3475 Dioni
1019 3412 1183 3492 suasisset,

178 3532 219 3604 μὴ
249 3530 415 3594 δουλοῦσθαι
450 3530 588 3594 Σικελίαν
613 3530 661 3594 ὑπ’
684 3531 832 3610 ἀνθρώποις
856 3529 1010 3602 δεσπόταις
1024 3583 1029 3593 .
1043 3581 1049 3594 .
1063 3583 1089 3595 ..
1112 3533 1185 3598 ἀλλ’

178 3649 232 3712 ὑπὸ
267 3649 373 3730 νθμοις,
406 3671 445 3712 ne
475 3647 579 3712 Sicilia
609 3647 788 3732 subjiciatur
810 3648 969 3712 hominum
994 3648 1184 3728 dominatui,

86 3803 89 3808 ·
179 3766 232 3830 sed
254 3766 367 3851 legum.
399 3767 498 3845 Haec,
522 3767 640 3853 inquit,
666 3766 779 3830 ibidem
803 3767 850 3845 D,
873 3772 973 3833 ταῦτα
995 3775 1103 3849 πρῶτον
1129 3772 1184 3848 μέν

178 3885 275 3950 Δίωνα
304 3888 360 3962 ἐγὼ
390 3886 568 3968 ἐπεχείρησα
595 3887 716 3960 πείθειν,
739 3886 865 3967 δεύτερον
888 3886 917 3950 δὲ
941 3887 1099 3965 Διονύσιον,
1124 3891 1182 3970 πρί·

177 4027 241 4076 τονς
261 4004 291 4068 δὲ
307 4005 384 4083 ὑμᾶς
400 4012 465 4070 νῦν·
490 4006 542 4070 καί
563 4029 610 4083 μοι
634 4004 761 4069 πείθεσθε
785 4004 852 4076 Διὸς
875 4004 969 4083 τρίτον
985 4014 1108 4086 σωτῆρος
1118 4010 1180 4088 χοί-

176 4144 232 4204 ριν,
257 4117 321 4187 εἶτα
340 4123 379 4194 είς
404 4124 546 4188 Διονιίσιον
568 4121 738 4201 βλέψαντες
761 4121 809 4185 καὶ
834 4121 946 4202 Δίωνα,
971 4119 1006 4186 ὧν
1030 4127 1043 4189 θ
1068 4127 1122 4203 μὲν
1136 4131 1179 4205 μὴ
