2746 4950
662 332 701 390 69

180 561 318 603 normam
352 537 558 615 instituenda,
593 538 655 600 sive
690 537 722 600 id
756 559 809 621 per
845 538 906 602 vim
941 538 994 602 fiat
1029 538 1091 602 sive
1124 560 1193 602 con·

181 658 250 722 silio
281 657 392 722 danda.
440 657 528 722 Adde
563 656 645 741 quod
676 656 883 738 παραφροσύνη
914 655 965 721 hio
987 657 1123 742 positum
1147 664 1192 721 est

180 799 236 862 pro
259 775 405 859 ύφροσύνη
430 777 492 840 sive
515 776 624 854 μανίαι
649 775 728 840 illud
752 775 880 840 amentia
897 781 959 854 est,
983 775 1042 839 hoo
1057 775 1190 860 ν’κοακίο,

180 896 265 979 quod
288 895 318 959 h.
335 895 356 960 l.
382 895 579 980 significatur.
616 893 696 960 Sunt
718 900 749 959 et
772 895 832 959 alia
854 893 1015 958 aPlatone
1033 893 1193 959 desumto:

180 1017 230 1078 ούκ
261 1011 553 1096 ἀφοσιωσάμενος
583 1010 667 1090 μύνον
697 1011 891 1089 ε’πανσοίμην,
915 1011 946 1076 h.
972 1035 998 1076 e.
1021 1035 1079 1078 κοκ
1102 1012 1193 1078 obiter

181 1137 307 1210 tactam,
332 1132 416 1216 quaet
428 1133 471 1195 'at
493 1132 620 1195 οκίνκκνο
643 1129 781 1214 νοίίρίοννο
796 1131 912 1195 solvam.
936 1129 1025 1195 Plato
1041 1130 1079 1194 de
1094 1129 1190 1215 Legg.

181 1248 246 1328 VI,
273 1251 335 1314 752
359 1249 406 1312 D:
430 1249 576 1331 φημί...
600 1257 771 1330 χρῆναι...
801 1251 844 1329 μη
866 1247 949 1327 μόνον
971 1247 1194 1330 ἀφοσιώσασθαι

181 1367 244 1449 περί
263 1376 316 1443 τῆς
334 1367 432 1449 χώρας
452 1364 484 1443 ἣν
503 1372 551 1432 νῦν
569 1367 763 1451 κατοικίζετε,
787 1365 926 1444 ξυντύνιος
945 1367 972 1432 δ’
987 1368 1196 1447 ε’πιμεληύῆναί

100 1516 103 1521 ·
182 1489 243 1552 κτὲ.
290 1485 373 1550 Male
396 1491 499 1550 autem
521 1483 666 1550 'additum
688 1485 875 1564 travectam.

227 1605 354 1668 Dictum
378 1602 556 1680 adnotatores
579 1603 626 1669 ε’πί
650 1603 698 1670 τὸν
717 1610 840 1670 τοιοῦτον
859 1605 911 1669 ούκ
927 1604 1052 1685 ἔρχομαι
1069 1625 1132 1668 non
1148 1626 1197 1668 va-

181 1730 231 1787 cat
253 1723 357 1806 aliqua
381 1721 533 1807 superbia.
557 1722 695 1787 Petitum
711 1721 833 1787 videtur
848 1745 884 1786 ex
900 1744 935 1786 eo
954 1722 1036 1807 quod
1051 1721 1196 1808 praecipi·
1279 1776 1281 1781 ,

181 1849 233 1905 tur
256 1841 298 1904 de·
316 1839 391 1924 Rep.
415 1839 482 1917 VI,
507 1863 537 1925 p.
562 1842 626 1903 488
651 1841 701 1904 A:
725 1842 756 1905 ού
780 1840 840 1921 erip
863 1839 927 1921 ἔχει
949 1840 1107 1923 φύσιν-
1128 1840 1196 1912 τοὺς

181 1959 287 2040 σοφοὺς
311 1957 357 2023 ε’πί
383 1958 439 2030 τοὶς
463 1963 519 2022 τῶν
542 1958 684 2023 πλουσίαν
716 1958 800 2038 ύύρας
833 1956 914 2024 ίέναι.
960 1957 1019 2022 Sed
1042 1957 1128 2022 aliud
1151 1965 1197 2022 est

182 2082 343 2161 praecepta
373 2076 444 2140 dare
474 2076 624 2160 perfectae
655 2076 772 2140 civitati
802 2082 1021 2156 consentanea,
1055 2076 1140 2141 aliud
1162 2076 1195 2140 in

145 2211 150 2225 ¹
183 2195 339 2259 communi
368 2194 448 2260 vitae
479 2217 539 2258 usu
569 2217 707 2260 normam
742 2195 853 2280 agendi
887 2194 945 2260 sibi
981 2182 1193 2282 praescribere.

184 2312 279 2394 Quod
301 2319 403 2379 autem
424 2321 529 2378 noster
547 2314 673 2378 omnino
688 2314 830 2400 reprobat
846 2314 879 2379 τί
899 2313 1070 2399 βιοίζεσύκι,
1087 2313 1120 2378 in
1136 2314 1194 2378 hoc

184 2455 202 2496 a
223 2432 363 2497 Platonis
386 2432 538 2496 sententia
569 2431 737 2524 aberravit,
769 2440 850 2498 certe
872 2454 936 2498 non
958 2433 1100 2518 congruit
1123 2455 1194 2497 cum

184 2550 222 2614 iis
245 2572 323 2634 quae
339 2550 428 2614 Plato
451 2550 484 2613 in
499 2549 630 2614 Politice
645 2573 675 2635 p.
694 2552 757 2614 296
775 2550 927 2615 dicentem
950 2551 1023 2615 facit
1040 2550 1194 2637 hospitem

183 2669 374 2734 Eleaticum:
399 2669 545 2754 principis
569 2674 599 2733 et
621 2668 804 2754 legislatoris
828 2691 893 2734 esse
916 2691 1039 2754 cogere,
1068 2669 1095 2732 si
1117 2644 1194 2754 opus

184 2795 248 2871 est,
279 2778 358 2852 cives
383 2787 421 2852 ad
443 2787 633 2870 honestatem
657 2764 814 2851 colendam
824 2812 835 2851 -ι
870 2785 1024 2868 βιοίζεσύοιι
1047 2783 1130 2869 παρα
1152 2785 1194 2853 τα

184 2907 384 3000 γεγραμμένα
406 2906 456 2971 καί
488 2904 600 2986 ποίτρια
630 2905 698 2986 δρῖιν
721 2903 806 2986 ἕτερα
829 2904 1061 2986 δικαιότεροικαὶ
1084 2905 1193 2984 οίμείνω

184 3024 233 3088 καί
257 3023 369 3097 καλλίιο
391 3027 447 3088 τῶν
468 3022 634 3103 ἔμπροσθεν.
680 3020 802 3101 Quodsi
831 3043 902 3086 vero
932 3021 1054 3108 singula
1084 3021 1193 3086 vellem

185 3147 340 3220 excutere,
364 3142 415 3205 vix
437 3141 529 3205 finem
550 3139 727 3204 invenirem.
759 3139 894 3204 Attende
917 3147 1038 3205 tantum
1059 3138 1195 3204 cumula·

183 3259 299 3323 tionem
322 3259 542 3346 genitivorum:
566 3257 637 3335 βίοιν
660 3257 690 3322 δὲ
712 3256 831 3339 πατρίδι
853 3258 1003 3331 πολιτείας
1021 3259 1194 3337 μεταβολῆς

183 3378 227 3456 μη
258 3377 435 3458 προσφέρειν.
482 3375 600 3461 Optimi
631 3377 811 3462 scriptores,
843 3375 935 3440 etiam
965 3376 1071 3455 Plato,
1102 3376 1194 3440 talem

185 3494 445 3558 constructionem
468 3516 529 3558 non
552 3494 668 3572 vitant,
693 3494 746 3559 sed
770 3492 852 3578 quod
869 3494 962 3558 ceteri
976 3516 1038 3558 non
1053 3494 1193 3579 firgiunt,

184 3612 236 3676 hio
259 3611 296 3676 de
326 3611 479 3676 industria
508 3618 659 3690 sectatur3
692 3610 808 3677 accedit
839 3611 923 3697 quod
945 3613 1001 3691 βία
1023 3613 1195 3690 μεταβολῆς

185 3731 336 3802 πολιτείας
363 3751 418 3815 pro
440 3731 536 3808 βίαιος
559 3730 708 3804 πολιτείας
730 3732 887 3810 μεταβολὴ
911 3739 958 3796 est
983 3753 1056 3796 sane
1080 3731 1196 3815 quaesi-

185 3853 254 3911 tum
285 3870 380 3932 aeque
412 3869 446 3912 ac
469 3848 552 3932 quod
575 3871 668 3935 supra
689 3849 804 3934 legitur
831 3872 862 3934 p.
887 3851 951 3914 324
975 3849 1022 3913 B:
1058 3846 1195 3930 ύτρίπος

186 3972 240 4040 τῆς
263 3965 401 4042 γενέσεως
425 3969 517 4041 αὐτῆς
540 3967 603 4050 (τῆς
626 3967 771 4050 διανοίας).
