<?xml version="1.0" encoding="UTF-8"?>
<!DOCTYPE html PUBLIC "-//W3C//DTD XHTML 1.0 Transitional//EN"
    "http://www.w3.org/TR/xhtml1/DTD/xhtml1-transitional.dtd">
<html xmlns="http://www.w3.org/1999/xhtml" xml:lang="en" lang="en">
 <head>
  <title>
</title>
<meta http-equiv="Content-Type" content="text/html;charset=utf-8" />
  <meta name='ocr-system' content='tesseract 3.04.00' />
  <meta name='ocr-capabilities' content='ocr_page ocr_carea ocr_par ocr_line ocrx_word'/>
</head>
<body>
  <div class='ocr_page' id='page_1' title='image "./commentatiocrit00karsgoog_0167.png"; bbox 0 0 2746 4950; ppageno 0'>
   <div class='ocr_carea' id='block_1_1' title="bbox 663 387 723 447">
    <p class='ocr_par' dir='ltr' id='par_1_1' title="bbox 663 387 723 447">
     <span class='ocr_line' id='line_1_1' title="bbox 663 387 723 447; baseline 0 0"><span class='ocrx_word' id='word_1_1' title='bbox 663 387 723 447; x_wconf 79' lang='grc'><strong>138</strong></span> 
     </span>
    </p>
   </div>
   <div class='ocr_carea' id='block_1_2' title="bbox 159 590 1194 3648">
    <p class='ocr_par' dir='ltr' id='par_1_2' title="bbox 159 590 1194 3170">
     <span class='ocr_line' id='line_1_2' title="bbox 187 590 1194 672; baseline 0.009 -20"><span class='ocrx_word' id='word_1_2' title='bbox 187 596 245 660; x_wconf 77' lang='grc' dir='ltr'><strong>τοῖς</strong></span> <span class='ocrx_word' id='word_1_3' title='bbox 276 590 395 661; x_wconf 79' lang='grc' dir='ltr'><em>ναύταις</em></span> <span class='ocrx_word' id='word_1_4' title='bbox 425 591 592 671; x_wconf 70' lang='grc' dir='ltr'><strong><em>κομίζοντας</em></strong></span> <span class='ocrx_word' id='word_1_5' title='bbox 616 594 702 656; x_wconf 79' lang='grc' dir='ltr'><em>αὐτὸν</em></span> <span class='ocrx_word' id='word_1_6' title='bbox 729 595 846 657; x_wconf 77' lang='grc' dir='ltr'><em>ἐκθεῖναι</em></span> <span class='ocrx_word' id='word_1_7' title='bbox 877 595 944 672; x_wconf 79' lang='grc' dir='ltr'><strong>πρὸς</strong></span> <span class='ocrx_word' id='word_1_8' title='bbox 975 596 1027 669; x_wconf 66' lang='grc' dir='ltr'><strong>τὴν</strong></span> <span class='ocrx_word' id='word_1_9' title='bbox 1051 595 1194 661; x_wconf 73' lang='grc' dir='ltr'><em>Ἰταλίαν.</em></span> 
     </span>
     <span class='ocr_line' id='line_1_3' title="bbox 187 707 1194 797; baseline 0.008 -27"><span class='ocrx_word' id='word_1_10' title='bbox 187 707 235 770; x_wconf 84' lang='grc' dir='ltr'><strong>ΑΙ)</strong></span> <span class='ocrx_word' id='word_1_11' title='bbox 266 708 323 770; x_wconf 91' lang='lat' dir='ltr'><strong>hoe</strong></span> <span class='ocrx_word' id='word_1_12' title='bbox 353 732 422 772; x_wconf 85' lang='lat' dir='ltr'><strong>vero</strong></span> <span class='ocrx_word' id='word_1_13' title='bbox 453 709 642 793; x_wconf 90' lang='lat' dir='ltr'><strong>aliquantum</strong></span> <span class='ocrx_word' id='word_1_14' title='bbox 675 711 826 796; x_wconf 75' lang='lat' dir='ltr'>discrepat</span> <span class='ocrx_word' id='word_1_15' title='bbox 849 711 951 796; x_wconf 82' lang='lat' dir='ltr'><strong>Nepos</strong></span> <span class='ocrx_word' id='word_1_16' title='bbox 976 735 1001 776; x_wconf 91' lang='lat' dir='ltr'><strong>o.</strong></span> <span class='ocrx_word' id='word_1_17' title='bbox 1028 717 1066 790; x_wconf 76' lang='lat'><strong>4,</strong></span> <span class='ocrx_word' id='word_1_18' title='bbox 1103 737 1194 797; x_wconf 88' lang='lat' dir='ltr'><strong>quem</strong></span> 
     </span>
     <span class='ocr_line' id='line_1_4' title="bbox 186 824 1194 910; baseline 0.009 -23"><span class='ocrx_word' id='word_1_19' title='bbox 186 824 343 910; x_wconf 77' lang='lat' dir='ltr'>Ephorum</span> <span class='ocrx_word' id='word_1_20' title='bbox 371 835 523 892; x_wconf 90' lang='lat' dir='ltr'><strong>auctorem</strong></span> <span class='ocrx_word' id='word_1_21' title='bbox 556 829 696 893; x_wconf 89' lang='lat' dir='ltr'><strong>habuisse</strong></span> <span class='ocrx_word' id='word_1_22' title='bbox 728 831 834 908; x_wconf 86' lang='lat' dir='ltr'><strong>erede,</strong></span> <span class='ocrx_word' id='word_1_23' title='bbox 867 832 968 895; x_wconf 89' lang='lat' dir='ltr'><strong>dicens</strong></span> <span class='ocrx_word' id='word_1_24' title='bbox 999 855 1138 908; x_wconf 85' lang='lat' dir='ltr'><strong>„navem</strong></span> <span class='ocrx_word' id='word_1_25' title='bbox 1168 835 1194 896; x_wconf 89' lang='lat' dir='ltr'><strong>ei</strong></span> 
     </span>
     <span class='ocr_line' id='line_1_5' title="bbox 185 945 1192 1030; baseline 0.009 -24"><span class='ocrx_word' id='word_1_26' title='bbox 185 946 348 1022; x_wconf 73' lang='lat' dir='ltr'><em>„triremem</em></span> <span class='ocrx_word' id='word_1_27' title='bbox 371 945 472 1025; x_wconf 90' lang='lat' dir='ltr'><strong>dedit,</strong></span> <span class='ocrx_word' id='word_1_28' title='bbox 490 970 550 1030; x_wconf 89' lang='lat' dir='ltr'><strong>qua</strong></span> <span class='ocrx_word' id='word_1_29' title='bbox 566 947 747 1011; x_wconf 78' lang='lat' dir='ltr'><strong>Corinthum</strong></span> <span class='ocrx_word' id='word_1_30' title='bbox 764 949 960 1013; x_wconf 88' lang='lat' dir='ltr'><strong>deveheretur</strong></span> <span class='ocrx_word' id='word_1_31' title='bbox 969 950 999 1027; x_wconf 89' lang='lat'><strong>,&#39;’</strong></span> <span class='ocrx_word' id='word_1_32' title='bbox 1016 958 1047 1014; x_wconf 87' lang='lat' dir='ltr'><strong>et</strong></span> <span class='ocrx_word' id='word_1_33' title='bbox 1061 951 1192 1030; x_wconf 87' lang='lat' dir='ltr'><strong>deinde,</strong></span> 
     </span>
     <span class='ocr_line' id='line_1_6' title="bbox 183 1049 1192 1154; baseline 0.008 -28"><span class='ocrx_word' id='word_1_34' title='bbox 183 1064 307 1141; x_wconf 91' lang='lat' dir='ltr'><strong>„omnia</strong></span> <span class='ocrx_word' id='word_1_35' title='bbox 338 1049 419 1149; x_wconf 32' lang='lat' dir='ltr'><strong>quae*</strong></span> <span class='ocrx_word' id='word_1_36' title='bbox 441 1067 554 1130; x_wconf 90' lang='lat' dir='ltr'><strong>moveri</strong></span> <span class='ocrx_word' id='word_1_37' title='bbox 577 1074 715 1151; x_wconf 86' lang='lat' dir='ltr'><strong>poteraut</strong></span> <span class='ocrx_word' id='word_1_38' title='bbox 738 1067 846 1132; x_wconf 91' lang='lat' dir='ltr'><strong>Dionis</strong></span> <span class='ocrx_word' id='word_1_39' title='bbox 869 1069 900 1132; x_wconf 92' lang='lat' dir='ltr'><strong>in</strong></span> <span class='ocrx_word' id='word_1_40' title='bbox 924 1091 1015 1132; x_wconf 89' lang='lat' dir='ltr'><strong>naves</strong></span> <span class='ocrx_word' id='word_1_41' title='bbox 1040 1070 1192 1154; x_wconf 78' lang='lat' dir='ltr'><strong>imposuit</strong></span> 
     </span>
     <span class='ocr_line' id='line_1_7' title="bbox 184 1173 1192 1273; baseline 0.007 -29"><span class='ocrx_word' id='word_1_42' title='bbox 184 1173 222 1244; x_wconf 79' lang='lat' dir='ltr'><strong>a&#39;d</strong></span> <span class='ocrx_word' id='word_1_43' title='bbox 253 1205 383 1266; x_wconf 89' lang='lat' dir='ltr'><strong>eumque</strong></span> <span class='ocrx_word' id='word_1_44' title='bbox 413 1184 526 1248; x_wconf 90' lang='lat' dir='ltr'><strong>misit.&#39;&#39;</strong></span> <span class='ocrx_word' id='word_1_45' title='bbox 569 1184 627 1248; x_wconf 85' lang='lat' dir='ltr'><strong>Oui</strong></span> <span class='ocrx_word' id='word_1_46' title='bbox 650 1186 814 1250; x_wconf 82' lang='lat' dir='ltr'><strong>narrationi</strong></span> <span class='ocrx_word' id='word_1_47' title='bbox 839 1187 919 1250; x_wconf 91' lang='lat' dir='ltr'><strong>haud</strong></span> <span class='ocrx_word' id='word_1_48' title='bbox 943 1187 1005 1250; x_wconf 90' lang='lat' dir='ltr'><strong>scio</strong></span> <span class='ocrx_word' id='word_1_49' title='bbox 1026 1211 1065 1250; x_wconf 90' lang='lat' dir='ltr'><strong>an</strong></span> <span class='ocrx_word' id='word_1_50' title='bbox 1086 1190 1192 1273; x_wconf 83' lang='lat' dir='ltr'><strong>potius</strong></span> 
     </span>
     <span class='ocr_line' id='line_1_8' title="bbox 183 1298 1192 1390; baseline 0.009 -28"><span class='ocrx_word' id='word_1_51' title='bbox 183 1298 321 1364; x_wconf 87' lang='lat' dir='ltr'><strong>habenda</strong></span> <span class='ocrx_word' id='word_1_52' title='bbox 344 1302 383 1365; x_wconf 91' lang='lat' dir='ltr'><strong>sit</strong></span> <span class='ocrx_word' id='word_1_53' title='bbox 406 1303 497 1380; x_wconf 91' lang='lat' dir='ltr'><strong>fides,</strong></span> <span class='ocrx_word' id='word_1_54' title='bbox 526 1325 620 1386; x_wconf 92' lang='lat' dir='ltr'><strong>quum</strong></span> <span class='ocrx_word' id='word_1_55' title='bbox 644 1311 761 1367; x_wconf 89' lang='lat' dir='ltr'><strong>constet</strong></span> <span class='ocrx_word' id='word_1_56' title='bbox 784 1304 940 1368; x_wconf 69' lang='lat' dir='ltr'><strong>Timaeum</strong></span> <span class='ocrx_word' id='word_1_57' title='bbox 963 1305 1125 1390; x_wconf 85' lang='lat' dir='ltr'><strong>Dionysiis</strong></span> <span class='ocrx_word' id='word_1_58' title='bbox 1149 1308 1192 1371; x_wconf 93' lang='lat' dir='ltr'><strong>in-</strong></span> 
     </span>
     <span class='ocr_line' id='line_1_9' title="bbox 182 1419 1190 1507; baseline 0.008 -25"><span class='ocrx_word' id='word_1_59' title='bbox 182 1419 377 1484; x_wconf 88' lang='lat' dir='ltr'><strong>festissimum</strong></span> <span class='ocrx_word' id='word_1_60' title='bbox 405 1421 499 1485; x_wconf 85' lang='lat' dir='ltr'><strong>fuisse</strong></span> <span class='ocrx_word' id='word_1_61' title='bbox 522 1431 552 1486; x_wconf 94' lang='lat' dir='ltr'><strong>et</strong></span> <span class='ocrx_word' id='word_1_62' title='bbox 572 1422 711 1487; x_wconf 83' lang='lat' dir='ltr'><strong>lubenter</strong></span> <span class='ocrx_word' id='word_1_63' title='bbox 727 1423 894 1507; x_wconf 84' lang='lat' dir='ltr'><strong>quamlibet</strong></span> <span class='ocrx_word' id='word_1_64' title='bbox 910 1425 1100 1489; x_wconf 84' lang='lat' dir='ltr'><strong>occasionem</strong></span> <span class='ocrx_word' id='word_1_65' title='bbox 1119 1427 1190 1490; x_wconf 88' lang='lat' dir='ltr'><strong>arri·</strong></span> 
     </span>
     <span class='ocr_line' id='line_1_10' title="bbox 181 1539 1191 1626; baseline 0.006 -24"><span class='ocrx_word' id='word_1_66' title='bbox 181 1540 284 1625; x_wconf 86' lang='lat' dir='ltr'><strong>puisse</strong></span> <span class='ocrx_word' id='word_1_67' title='bbox 300 1547 335 1603; x_wconf 86' lang='lat' dir='ltr'><strong>ut</strong></span> <span class='ocrx_word' id='word_1_68' title='bbox 350 1539 472 1604; x_wconf 82' lang='lat' dir='ltr'><strong>illorum</strong></span> <span class='ocrx_word' id='word_1_69' title='bbox 488 1540 584 1604; x_wconf 86' lang='lat' dir='ltr'><strong>famae</strong></span> <span class='ocrx_word' id='word_1_70' title='bbox 598 1548 729 1604; x_wconf 85' lang='lat' dir='ltr'><strong>noceret.</strong></span> <span class='ocrx_word' id='word_1_71' title='bbox 754 1541 912 1606; x_wconf 90' lang='lat' dir='ltr'><strong>Praeterea</strong></span> <span class='ocrx_word' id='word_1_72' title='bbox 922 1542 1091 1626; x_wconf 89' lang='lat' dir='ltr'><strong>Dionysius</strong></span> <span class='ocrx_word' id='word_1_73' title='bbox 1106 1545 1191 1608; x_wconf 83' lang='lat' dir='ltr'><strong>misit</strong></span> 
     </span>
     <span class='ocr_line' id='line_1_11' title="bbox 182 1659 1191 1744; baseline 0.004 -22"><span class='ocrx_word' id='word_1_74' title='bbox 182 1659 275 1722; x_wconf 90' lang='lat' dir='ltr'><strong>Dioni</strong></span> <span class='ocrx_word' id='word_1_75' title='bbox 306 1660 469 1743; x_wconf 84' lang='lat' dir='ltr'><strong>quotannis</strong></span> <span class='ocrx_word' id='word_1_76' title='bbox 492 1659 608 1723; x_wconf 87' lang='lat' dir='ltr'><strong>reditus</strong></span> <span class='ocrx_word' id='word_1_77' title='bbox 625 1659 796 1733; x_wconf 69' lang='lat' dir='ltr'><strong>¹fundorum</strong></span> <span class='ocrx_word' id='word_1_78' title='bbox 819 1667 850 1723; x_wconf 92' lang='lat' dir='ltr'><strong>et</strong></span> <span class='ocrx_word' id='word_1_79' title='bbox 872 1682 1029 1744; x_wconf 85' lang='lat' dir='ltr'><strong>agrorum,</strong></span> <span class='ocrx_word' id='word_1_80' title='bbox 1056 1672 1094 1724; x_wconf 90' lang='lat' dir='ltr'><strong>ut</strong></span> <span class='ocrx_word' id='word_1_81' title='bbox 1120 1663 1191 1727; x_wconf 92' lang='lat' dir='ltr'><strong>Plu-</strong></span> 
     </span>
     <span class='ocr_line' id='line_1_12' title="bbox 181 1777 1188 1865; baseline 0.004 -25"><span class='ocrx_word' id='word_1_82' title='bbox 181 1777 304 1841; x_wconf 88' lang='lat' dir='ltr'><strong>tarchus</strong></span> <span class='ocrx_word' id='word_1_83' title='bbox 321 1777 435 1855; x_wconf 84' lang='lat' dir='ltr'><strong>scribit,</strong></span> <span class='ocrx_word' id='word_1_84' title='bbox 453 1799 478 1840; x_wconf 89' lang='lat' dir='ltr'><strong>c.</strong></span> <span class='ocrx_word' id='word_1_85' title='bbox 499 1780 537 1840; x_wconf 80' lang='lat' dir='ltr'><strong>lo</strong></span> <span class='ocrx_word' id='word_1_86' title='bbox 554 1785 645 1854; x_wconf 74' lang='lat' dir='ltr'><strong>extr,</strong></span> <span class='ocrx_word' id='word_1_87' title='bbox 658 1778 741 1860; x_wconf 95' lang='lat' dir='ltr'><strong>quod</strong></span> <span class='ocrx_word' id='word_1_88' title='bbox 756 1777 884 1841; x_wconf 87' lang='lat' dir='ltr'><strong>affirmat</strong></span> <span class='ocrx_word' id='word_1_89' title='bbox 898 1778 1053 1863; x_wconf 81' lang='lat' dir='ltr'><strong>Epistola,</strong></span> <span class='ocrx_word' id='word_1_90' title='bbox 1072 1803 1102 1865; x_wconf 88' lang='lat' dir='ltr'><strong>p.</strong></span> <span class='ocrx_word' id='word_1_91' title='bbox 1123 1784 1188 1844; x_wconf 76' lang='lat'><strong>345</strong></span> 
     </span>
     <span class='ocr_line' id='line_1_13' title="bbox 182 1895 1189 1982; baseline 0.002 -22"><span class='ocrx_word' id='word_1_92' title='bbox 182 1896 222 1975; x_wconf 84' lang='lat' dir='ltr'><strong>O,</strong></span> <span class='ocrx_word' id='word_1_93' title='bbox 247 1905 277 1960; x_wconf 88' lang='lat' dir='ltr'><strong>et</strong></span> <span class='ocrx_word' id='word_1_94' title='bbox 300 1896 405 1960; x_wconf 86' lang='lat' dir='ltr'><strong>exsilio</strong></span> <span class='ocrx_word' id='word_1_95' title='bbox 429 1919 539 1960; x_wconf 86' lang='lat' dir='ltr'><strong>nomen</strong></span> <span class='ocrx_word' id='word_1_96' title='bbox 562 1897 731 1981; x_wconf 85' lang='lat' dir='ltr'><strong>praetexuit</strong></span> <span class='ocrx_word' id='word_1_97' title='bbox 753 1895 980 1974; x_wconf 67' lang='grc' dir='ltr'><strong>μεταστάσεως,</strong></span> <span class='ocrx_word' id='word_1_98' title='bbox 1004 1920 1033 1982; x_wconf 90' lang='lat' dir='ltr'><strong>p.</strong></span> <span class='ocrx_word' id='word_1_99' title='bbox 1061 1901 1129 1962; x_wconf 86' lang='grc'><strong>338</strong></span> <span class='ocrx_word' id='word_1_100' title='bbox 1151 1901 1189 1962; x_wconf 89' lang='lat' dir='ltr'><strong>A.</strong></span> 
     </span>
     <span class='ocr_line' id='line_1_14' title="bbox 182 2014 1191 2100; baseline 0.003 -21"><span class='ocrx_word' id='word_1_101' title='bbox 182 2015 342 2080; x_wconf 79' lang='lat' dir='ltr'><strong>Traditum</strong></span> <span class='ocrx_word' id='word_1_102' title='bbox 366 2023 412 2078; x_wconf 91' lang='lat' dir='ltr'><strong>est</strong></span> <span class='ocrx_word' id='word_1_103' title='bbox 434 2037 556 2098; x_wconf 91' lang='lat' dir='ltr'><strong>quoque</strong></span> <span class='ocrx_word' id='word_1_104' title='bbox 580 2037 597 2078; x_wconf 89' lang='lat' dir='ltr'><strong>a</strong></span> <span class='ocrx_word' id='word_1_105' title='bbox 618 2014 783 2086; x_wconf 87' lang='lat' dir='ltr'><strong>Plutarcho</strong></span> <span class='ocrx_word' id='word_1_106' title='bbox 799 2017 835 2099; x_wconf 92' lang='lat' dir='ltr'><strong>(c.</strong></span> <span class='ocrx_word' id='word_1_107' title='bbox 856 2018 917 2099; x_wconf 81' lang='grc'><strong>13),</strong></span> <span class='ocrx_word' id='word_1_108' title='bbox 935 2016 1031 2100; x_wconf 89' lang='lat' dir='ltr'><strong>primo</strong></span> <span class='ocrx_word' id='word_1_109' title='bbox 1048 2017 1191 2082; x_wconf 89' lang='lat' dir='ltr'><strong>Platonis</strong></span> 
     </span>
     <span class='ocr_line' id='line_1_15' title="bbox 181 2135 1189 2220; baseline 0.003 -22"><span class='ocrx_word' id='word_1_110' title='bbox 181 2135 313 2200; x_wconf 90' lang='lat' dir='ltr'><strong>adventu</strong></span> <span class='ocrx_word' id='word_1_111' title='bbox 343 2136 526 2220; x_wconf 87' lang='lat' dir='ltr'><strong>Dionysium</strong></span> <span class='ocrx_word' id='word_1_112' title='bbox 556 2135 727 2199; x_wconf 88' lang='lat' dir='ltr'><strong>incredibili</strong></span> <span class='ocrx_word' id='word_1_113' title='bbox 757 2137 897 2219; x_wconf 87' lang='lat' dir='ltr'><strong>flagrasse</strong></span> <span class='ocrx_word' id='word_1_114' title='bbox 921 2135 1057 2199; x_wconf 89' lang='lat' dir='ltr'><strong>discendi</strong></span> <span class='ocrx_word' id='word_1_115' title='bbox 1082 2138 1189 2201; x_wconf 91' lang='lat' dir='ltr'><strong>studio</strong></span> 
     </span>
     <span class='ocr_line' id='line_1_16' title="bbox 181 2255 1190 2339; baseline 0.001 -20"><span class='ocrx_word' id='word_1_116' title='bbox 181 2278 275 2339; x_wconf 87' lang='lat' dir='ltr'><strong>eoque</strong></span> <span class='ocrx_word' id='word_1_117' title='bbox 306 2256 467 2319; x_wconf 82' lang='lat' dir='ltr'><strong>maximam</strong></span> <span class='ocrx_word' id='word_1_118' title='bbox 496 2256 529 2319; x_wconf 92' lang='lat' dir='ltr'><strong>in</strong></span> <span class='ocrx_word' id='word_1_119' title='bbox 560 2255 630 2319; x_wconf 91' lang='lat' dir='ltr'><strong>aula</strong></span> <span class='ocrx_word' id='word_1_120' title='bbox 660 2255 769 2319; x_wconf 88' lang='lat' dir='ltr'><strong>factam</strong></span> <span class='ocrx_word' id='word_1_121' title='bbox 800 2277 863 2318; x_wconf 92' lang='lat' dir='ltr'><strong>esse</strong></span> <span class='ocrx_word' id='word_1_122' title='bbox 890 2277 991 2318; x_wconf 87' lang='lat' dir='ltr'><strong>rerum</strong></span> <span class='ocrx_word' id='word_1_123' title='bbox 1018 2264 1190 2320; x_wconf 90' lang='lat' dir='ltr'><strong>commuta-</strong></span> 
     </span>
     <span class='ocr_line' id='line_1_17' title="bbox 181 2373 1191 2466; baseline 0 -28"><span class='ocrx_word' id='word_1_124' title='bbox 181 2375 313 2453; x_wconf 87' lang='lat' dir='ltr'><strong>tionem,</strong></span> <span class='ocrx_word' id='word_1_125' title='bbox 350 2397 464 2457; x_wconf 90' lang='lat' dir='ltr'><strong>quum‚</strong></span> <span class='ocrx_word' id='word_1_126' title='bbox 492 2374 614 2438; x_wconf 91' lang='lat' dir='ltr'><strong>remotis</strong></span> <span class='ocrx_word' id='word_1_127' title='bbox 638 2373 755 2437; x_wconf 91' lang='lat' dir='ltr'><strong>deliciis</strong></span> <span class='ocrx_word' id='word_1_128' title='bbox 770 2380 808 2437; x_wconf 61' lang='lat' dir='ltr'><strong>&#39;et</strong></span> <span class='ocrx_word' id='word_1_129' title='bbox 831 2373 1058 2458; x_wconf 85' lang='lat' dir='ltr'><strong>voluptatibus,</strong></span> <span class='ocrx_word' id='word_1_130' title='bbox 1085 2376 1191 2466; x_wconf 90' lang='lat' dir='ltr'><strong>omnia</strong></span> 
     </span>
     <span class='ocr_line' id='line_1_18' title="bbox 159 2465 1191 2578; baseline 0.003 -22"><span class='ocrx_word' id='word_1_131' title='bbox 159 2465 162 2474; x_wconf 32' lang='lat'>¹</span> <span class='ocrx_word' id='word_1_132' title='bbox 179 2492 269 2556; x_wconf 89' lang='lat' dir='ltr'><strong>docto</strong></span> <span class='ocrx_word' id='word_1_133' title='bbox 293 2492 415 2576; x_wconf 89' lang='lat' dir='ltr'><strong>pulvere</strong></span> <span class='ocrx_word' id='word_1_134' title='bbox 438 2492 566 2576; x_wconf 90' lang='lat' dir='ltr'><strong>oppleta</strong></span> <span class='ocrx_word' id='word_1_135' title='bbox 589 2499 697 2555; x_wconf 89' lang='lat' dir='ltr'><strong>essent.</strong></span> <span class='ocrx_word' id='word_1_136' title='bbox 714 2493 736 2575; x_wconf 85' lang='lat'><strong>¹)</strong></span> <span class='ocrx_word' id='word_1_137' title='bbox 760 2491 899 2576; x_wconf 81' lang='lat' dir='ltr'><strong>Epistola</strong></span> <span class='ocrx_word' id='word_1_138' title='bbox 921 2492 977 2555; x_wconf 92' lang='lat' dir='ltr'><strong>hac</strong></span> <span class='ocrx_word' id='word_1_139' title='bbox 993 2492 1030 2555; x_wconf 91' lang='lat' dir='ltr'><strong>de</strong></span> <span class='ocrx_word' id='word_1_140' title='bbox 1045 2515 1080 2556; x_wconf 90' lang='lat' dir='ltr'><strong>re</strong></span> <span class='ocrx_word' id='word_1_141' title='bbox 1096 2493 1191 2578; x_wconf 85' lang='lat' dir='ltr'><strong>plane</strong></span> 
     </span>
     <span class='ocr_line' id='line_1_19' title="bbox 179 2609 1189 2694; baseline 0.003 -20"><span class='ocrx_word' id='word_1_142' title='bbox 179 2611 261 2689; x_wconf 72' lang='lat' dir='ltr'><strong>silet,</strong></span> <span class='ocrx_word' id='word_1_143' title='bbox 296 2610 477 2694; x_wconf 90' lang='lat' dir='ltr'><strong>Dionysium</strong></span> <span class='ocrx_word' id='word_1_144' title='bbox 507 2619 543 2674; x_wconf 93' lang='lat' dir='ltr'><strong>ut</strong></span> <span class='ocrx_word' id='word_1_145' title='bbox 574 2610 611 2674; x_wconf 92' lang='lat' dir='ltr'><strong>ab</strong></span> <span class='ocrx_word' id='word_1_146' title='bbox 643 2610 725 2673; x_wconf 93' lang='lat' dir='ltr'><strong>omni</strong></span> <span class='ocrx_word' id='word_1_147' title='bbox 755 2609 893 2674; x_wconf 90' lang='lat' dir='ltr'><strong>doctrina</strong></span> <span class='ocrx_word' id='word_1_148' title='bbox 915 2610 1047 2673; x_wconf 89' lang='lat' dir='ltr'><strong>alienum</strong></span> <span class='ocrx_word' id='word_1_149' title='bbox 1074 2611 1189 2677; x_wconf 88' lang='lat' dir='ltr'><strong>descri-</strong></span> 
     </span>
     <span class='ocr_line' id='line_1_20' title="bbox 178 2727 1190 2812; baseline 0.003 -19"><span class='ocrx_word' id='word_1_150' title='bbox 178 2730 232 2794; x_wconf 88' lang='lat' dir='ltr'><strong>bit.</strong></span> <span class='ocrx_word' id='word_1_151' title='bbox 267 2728 478 2793; x_wconf 89' lang='lat' dir='ltr'><strong>Nihilominus</strong></span> <span class='ocrx_word' id='word_1_152' title='bbox 501 2729 589 2792; x_wconf 85' lang='lat' dir='ltr'><strong>Plato</strong></span> <span class='ocrx_word' id='word_1_153' title='bbox 613 2752 631 2791; x_wconf 90' lang='lat' dir='ltr'><strong>a</strong></span> <span class='ocrx_word' id='word_1_154' title='bbox 653 2728 800 2812; x_wconf 83' lang='lat' dir='ltr'><strong>Dionysio</strong></span> <span class='ocrx_word' id='word_1_155' title='bbox 813 2729 856 2797; x_wconf 85' lang='lat' dir='ltr'><strong>sie</strong></span> <span class='ocrx_word' id='word_1_156' title='bbox 870 2727 1025 2806; x_wconf 89' lang='lat' dir='ltr'><strong>discessit,</strong></span> <span class='ocrx_word' id='word_1_157' title='bbox 1041 2737 1080 2792; x_wconf 90' lang='lat' dir='ltr'><strong>ut</strong></span> <span class='ocrx_word' id='word_1_158' title='bbox 1098 2730 1190 2796; x_wconf 89' lang='lat' dir='ltr'><strong>bene-</strong></span> 
     </span>
     <span class='ocr_line' id='line_1_21' title="bbox 177 2848 1188 2933; baseline 0.004 -22"><span class='ocrx_word' id='word_1_159' title='bbox 177 2849 327 2913; x_wconf 89' lang='lat' dir='ltr'><strong>volentiae</strong></span> <span class='ocrx_word' id='word_1_160' title='bbox 347 2848 502 2912; x_wconf 80' lang='lat' dir='ltr'><strong>vinculum</strong></span> <span class='ocrx_word' id='word_1_161' title='bbox 525 2871 588 2913; x_wconf 93' lang='lat' dir='ltr'><strong>non</strong></span> <span class='ocrx_word' id='word_1_162' title='bbox 612 2872 734 2933; x_wconf 91' lang='lat' dir='ltr'><strong>prorsus</strong></span> <span class='ocrx_word' id='word_1_163' title='bbox 758 2848 932 2912; x_wconf 89' lang='lat' dir='ltr'><strong>tolleretur:</strong></span> <span class='ocrx_word' id='word_1_164' title='bbox 957 2848 1021 2928; x_wconf 78' lang='lat' dir='ltr'><strong>apia</strong></span> <span class='ocrx_word' id='word_1_165' title='bbox 1043 2850 1188 2928; x_wconf 68' lang='grc' dir='ltr'><em>ἀπιέναι,</em></span> 
     </span>
     <span class='ocr_line' id='line_1_22' title="bbox 176 2968 1190 3052; baseline 0.003 -21"><span class='ocrx_word' id='word_1_166' title='bbox 176 2969 295 3052; x_wconf 89' lang='lat' dir='ltr'><strong>inquit,</strong></span> <span class='ocrx_word' id='word_1_167' title='bbox 326 2968 421 3044; x_wconf 77' lang='grc' dir='ltr'><em>ξενίαν</em></span> <span class='ocrx_word' id='word_1_168' title='bbox 451 2968 500 3032; x_wconf 76' lang='grc' dir='ltr'><strong>καὶ</strong></span> <span class='ocrx_word' id='word_1_169' title='bbox 530 2969 633 3049; x_wconf 74' lang='grc' dir='ltr'><em>φιλίαν</em></span> <span class='ocrx_word' id='word_1_170' title='bbox 663 2968 794 3048; x_wconf 62' lang='grc' dir='ltr'><em>Ἀρχύτα</em></span> <span class='ocrx_word' id='word_1_171' title='bbox 821 2968 870 3031; x_wconf 75' lang='grc' dir='ltr'><strong>καὶ</strong></span> <span class='ocrx_word' id='word_1_172' title='bbox 901 2968 1035 3046; x_wconf 75' lang='grc' dir='ltr'><em>Διονυσίῳ</em></span> <span class='ocrx_word' id='word_1_173' title='bbox 1058 2971 1190 3044; x_wconf 79' lang='grc' dir='ltr'><em>ποιήσας</em></span> 
     </span>
     <span class='ocr_line' id='line_1_23' title="bbox 178 3086 545 3170; baseline -0.005 -19"><span class='ocrx_word' id='word_1_174' title='bbox 178 3087 342 3151; x_wconf 71' lang='grc' dir='ltr'><em>ἀπέπλεον.</em></span> <span class='ocrx_word' id='word_1_175' title='bbox 367 3109 396 3170; x_wconf 91' lang='lat' dir='ltr'><strong>p.</strong></span> <span class='ocrx_word' id='word_1_176' title='bbox 423 3088 487 3149; x_wconf 88' lang='grc'><strong>338</strong></span> <span class='ocrx_word' id='word_1_177' title='bbox 512 3086 545 3149; x_wconf 85' lang='lat' dir='ltr'><strong>G.</strong></span> 
     </span>
    </p>

    <p class='ocr_par' dir='ltr' id='par_1_3' title="bbox 176 3204 1193 3648">
     <span class='ocr_line' id='line_1_24' title="bbox 221 3204 1193 3294; baseline 0.004 -24"><span class='ocrx_word' id='word_1_178' title='bbox 221 3206 246 3270; x_wconf 81' lang='grc' dir='ltr'><strong>Ε</strong></span> <span class='ocrx_word' id='word_1_179' title='bbox 278 3208 436 3291; x_wconf 89' lang='lat' dir='ltr'><strong>postremis</strong></span> <span class='ocrx_word' id='word_1_180' title='bbox 467 3206 514 3270; x_wconf 91' lang='lat' dir='ltr'><strong>his</strong></span> <span class='ocrx_word' id='word_1_181' title='bbox 545 3206 634 3269; x_wconf 90' lang='lat' dir='ltr'><strong>dictis</strong></span> <span class='ocrx_word' id='word_1_182' title='bbox 662 3205 776 3269; x_wconf 87' lang='lat' dir='ltr'><strong>efficere</strong></span> <span class='ocrx_word' id='word_1_183' title='bbox 806 3205 893 3282; x_wconf 88' lang='lat' dir='ltr'><strong>licet,</strong></span> <span class='ocrx_word' id='word_1_184' title='bbox 919 3204 1089 3270; x_wconf 90' lang='lat' dir='ltr'><strong>seeundum</strong></span> <span class='ocrx_word' id='word_1_185' title='bbox 1116 3207 1193 3294; x_wconf 76' lang='lat' dir='ltr'><strong>upi-</strong></span> 
     </span>
     <span class='ocr_line' id='line_1_25' title="bbox 177 3323 1191 3410; baseline 0.003 -21"><span class='ocrx_word' id='word_1_186' title='bbox 177 3326 286 3389; x_wconf 89' lang='lat' dir='ltr'><strong>stolam</strong></span> <span class='ocrx_word' id='word_1_187' title='bbox 320 3326 479 3389; x_wconf 89' lang='lat' dir='ltr'><strong>Platonem</strong></span> <span class='ocrx_word' id='word_1_188' title='bbox 510 3349 588 3403; x_wconf 90' lang='lat' dir='ltr'><strong>non,</strong></span> <span class='ocrx_word' id='word_1_189' title='bbox 623 3333 658 3389; x_wconf 88' lang='lat' dir='ltr'><strong>ut</strong></span> <span class='ocrx_word' id='word_1_190' title='bbox 689 3349 707 3388; x_wconf 90' lang='lat' dir='ltr'><strong>a</strong></span> <span class='ocrx_word' id='word_1_191' title='bbox 735 3325 887 3409; x_wconf 84' lang='lat' dir='ltr'><strong>plerisque</strong></span> <span class='ocrx_word' id='word_1_192' title='bbox 910 3323 1054 3405; x_wconf 89' lang='lat' dir='ltr'><strong>traditur,</strong></span> <span class='ocrx_word' id='word_1_193' title='bbox 1086 3348 1191 3410; x_wconf 89' lang='lat' dir='ltr'><strong>quum</strong></span> 
     </span>
     <span class='ocr_line' id='line_1_26' title="bbox 177 3426 1192 3529; baseline 0.004 -21"><span class='ocrx_word' id='word_1_194' title='bbox 177 3445 309 3529; x_wconf 88' lang='lat' dir='ltr'><strong>primum</strong></span> <span class='ocrx_word' id='word_1_195' title='bbox 338 3445 371 3508; x_wconf 84' lang='lat' dir='ltr'><strong>iri</strong></span> <span class='ocrx_word' id='word_1_196' title='bbox 402 3445 522 3509; x_wconf 84' lang='lat' dir='ltr'><strong>ltaliam</strong></span> <span class='ocrx_word' id='word_1_197' title='bbox 553 3426 699 3523; x_wconf 87' lang='lat' dir='ltr'><strong>venisset,</strong></span> <span class='ocrx_word' id='word_1_198' title='bbox 729 3444 780 3509; x_wconf 87' lang='lat' dir='ltr'><strong>sed</strong></span> <span class='ocrx_word' id='word_1_199' title='bbox 804 3464 898 3528; x_wconf 90' lang='lat' dir='ltr'><strong>quum</strong></span> <span class='ocrx_word' id='word_1_200' title='bbox 922 3468 938 3508; x_wconf 96' lang='lat' dir='ltr'><strong>e</strong></span> <span class='ocrx_word' id='word_1_201' title='bbox 961 3442 1064 3507; x_wconf 87' lang='lat' dir='ltr'><strong>Sicilia</strong></span> <span class='ocrx_word' id='word_1_202' title='bbox 1090 3445 1192 3512; x_wconf 86' lang='lat' dir='ltr'><strong>disce·</strong></span> 
     </span>
     <span class='ocr_line' id='line_1_27' title="bbox 176 3554 1189 3648; baseline 0.005 -21"><span class='ocrx_word' id='word_1_203' title='bbox 176 3563 276 3641; x_wconf 89' lang='lat' dir='ltr'><strong>deret,</strong></span> <span class='ocrx_word' id='word_1_204' title='bbox 301 3563 466 3627; x_wconf 79' lang='lat' dir='ltr'><strong>Tarentum</strong></span> <span class='ocrx_word' id='word_1_205' title='bbox 490 3563 527 3627; x_wconf 91' lang='lat' dir='ltr'><strong>ad</strong></span> <span class='ocrx_word' id='word_1_206' title='bbox 551 3565 716 3648; x_wconf 85' lang='lat' dir='ltr'><strong>Archytam</strong></span> <span class='ocrx_word' id='word_1_207' title='bbox 740 3563 856 3627; x_wconf 82' lang='lat' dir='ltr'><strong>venisse</strong></span> <span class='ocrx_word' id='word_1_208' title='bbox 880 3570 909 3626; x_wconf 89' lang='lat' dir='ltr'><strong>et</strong></span> <span class='ocrx_word' id='word_1_209' title='bbox 926 3554 1096 3647; x_wconf 82' lang='lat' dir='ltr'><strong>hospitium</strong></span> <span class='ocrx_word' id='word_1_210' title='bbox 1114 3589 1189 3632; x_wconf 89' lang='lat' dir='ltr'><strong>cum</strong></span> 
     </span>
    </p>
   </div>
   <div class='ocr_carea' id='block_1_3' title="bbox 176 3680 1192 3768">
    <p class='ocr_par' dir='ltr' id='par_1_4' title="bbox 176 3680 1192 3768">
     <span class='ocr_line' id='line_1_28' title="bbox 176 3680 1192 3768; baseline 0.005 -23"><span class='ocrx_word' id='word_1_211' title='bbox 176 3682 233 3745; x_wconf 90' lang='lat' dir='ltr'><strong>hoe</strong></span> <span class='ocrx_word' id='word_1_212' title='bbox 256 3682 423 3765; x_wconf 86' lang='lat' dir='ltr'><strong>ceterisque</strong></span> <span class='ocrx_word' id='word_1_213' title='bbox 445 3682 642 3767; x_wconf 86' lang='lat' dir='ltr'><strong>Pythagoreis</strong></span> <span class='ocrx_word' id='word_1_214' title='bbox 662 3683 809 3768; x_wconf 81' lang='lat' dir='ltr'><strong>junxisse.</strong></span> <span class='ocrx_word' id='word_1_215' title='bbox 834 3680 926 3761; x_wconf 75' lang='lat' dir='ltr'><strong>Quod</strong></span> <span class='ocrx_word' id='word_1_216' title='bbox 950 3682 974 3744; x_wconf 90' lang='lat' dir='ltr'><strong>si</strong></span> <span class='ocrx_word' id='word_1_217' title='bbox 997 3704 1107 3746; x_wconf 88' lang='lat' dir='ltr'><strong>verum</strong></span> <span class='ocrx_word' id='word_1_218' title='bbox 1125 3694 1192 3766; x_wconf 89' lang='lat' dir='ltr'><strong>est,</strong></span> 
     </span>
    </p>
   </div>
   <div class='ocr_carea' id='block_1_4' title="bbox 175 3799 1193 3886">
    <p class='ocr_par' dir='ltr' id='par_1_5' title="bbox 175 3799 1193 3886">
     <span class='ocr_line' id='line_1_29' title="bbox 175 3799 1193 3886; baseline 0.006 -22"><span class='ocrx_word' id='word_1_219' title='bbox 175 3799 340 3877; x_wconf 77' lang='grc' dir='ltr'><em>αποδνμίαν</em></span> <span class='ocrx_word' id='word_1_220' title='bbox 363 3799 446 3863; x_wconf 92' lang='lat' dir='ltr'><strong>illam</strong></span> <span class='ocrx_word' id='word_1_221' title='bbox 470 3800 543 3864; x_wconf 84' lang='lat' dir='ltr'><strong>satis</strong></span> <span class='ocrx_word' id='word_1_222' title='bbox 567 3800 687 3886; x_wconf 84' lang='lat' dir='ltr'><strong>longam</strong></span> <span class='ocrx_word' id='word_1_223' title='bbox 711 3800 803 3864; x_wconf 88' lang='lat' dir='ltr'><strong>fuisse</strong></span> <span class='ocrx_word' id='word_1_224' title='bbox 826 3800 859 3863; x_wconf 92' lang='lat' dir='ltr'><strong>in</strong></span> <span class='ocrx_word' id='word_1_225' title='bbox 882 3807 985 3883; x_wconf 90' lang='lat' dir='ltr'><strong>aperto</strong></span> <span class='ocrx_word' id='word_1_226' title='bbox 1009 3808 1064 3863; x_wconf 89' lang='lat' dir='ltr'><strong>est.</strong></span> <span class='ocrx_word' id='word_1_227' title='bbox 1097 3801 1193 3870; x_wconf 84' lang='lat' dir='ltr'><strong>Oete-</strong></span> 
     </span>
    </p>
   </div>
   <div class='ocr_carea' id='block_1_5' title="bbox 174 4070 1194 4239">
    <p class='ocr_par' dir='ltr' id='par_1_6' title="bbox 174 4070 1194 4239">
     <span class='ocr_line' id='line_1_30' title="bbox 209 4070 1194 4143; baseline 0.01 -25"><span class='ocrx_word' id='word_1_228' title='bbox 209 4070 231 4130; x_wconf 89' lang='lat' dir='ltr'><strong>l)</strong></span> <span class='ocrx_word' id='word_1_229' title='bbox 249 4070 370 4118; x_wconf 82' lang='lat' dir='ltr'><strong>hlhrditur</strong></span> <span class='ocrx_word' id='word_1_230' title='bbox 386 4070 414 4119; x_wconf 88' lang='lat' dir='ltr'><strong>ad</strong></span> <span class='ocrx_word' id='word_1_231' title='bbox 433 4070 477 4118; x_wconf 88' lang='lat' dir='ltr'><strong>hoc</strong></span> <span class='ocrx_word' id='word_1_232' title='bbox 494 4070 518 4118; x_wconf 88' lang='lat' dir='ltr'><strong>in</strong></span> <span class='ocrx_word' id='word_1_233' title='bbox 536 4071 580 4134; x_wconf 78' lang='lat' dir='ltr'><strong>Ep.</strong></span> <span class='ocrx_word' id='word_1_234' title='bbox 599 4071 654 4129; x_wconf 88' lang='grc' dir='ltr'><strong>ΙΙΙ,</strong></span> <span class='ocrx_word' id='word_1_235' title='bbox 671 4087 695 4134; x_wconf 97' lang='lat' dir='ltr'><strong>p.</strong></span> <span class='ocrx_word' id='word_1_236' title='bbox 713 4073 761 4120; x_wconf 89' lang='grc'><strong>319</strong></span> <span class='ocrx_word' id='word_1_237' title='bbox 779 4073 812 4121; x_wconf 82' lang='lat'><strong>0:</strong></span> <span class='ocrx_word' id='word_1_238' title='bbox 830 4075 903 4124; x_wconf 79' lang='grc' dir='ltr'><em>οὐκοῦν</em></span> <span class='ocrx_word' id='word_1_239' title='bbox 911 4074 1194 4143; x_wconf 69' lang='grc' dir='ltr'><strong>παιδευθέντα,ε”γησθα,</strong></span> 
     </span>
     <span class='ocr_line' id='line_1_31' title="bbox 174 4174 318 4239; baseline -0.007 -23"><span class='ocrx_word' id='word_1_240' title='bbox 174 4174 318 4239; x_wconf 62' lang='grc' dir='ltr'><em>γεωμετρεῖν.</em></span> 
     </span>
    </p>
   </div>
   <div class='ocr_carea' id='block_1_6' title="bbox 0 0 1378 4950">
    <p class='ocr_par' dir='ltr' id='par_1_7' title="bbox 0 0 1378 4950">
     <span class='ocr_line' id='line_1_32' title="bbox 0 0 1378 4950; baseline 0 3"><span class='ocrx_word' id='word_1_241' title='bbox 0 0 1378 4950; x_wconf 95' lang='lat' dir='ltr'><strong> </strong></span> 
     </span>
    </p>
   </div>
  </div>
 </body>
</html>
