2746 4950
186 563 322 627 Platonis
334 565 486 627 sententia
501 563 538 626 de
554 564 711 648 republica
726 564 886 642 dicuntur,
904 573 970 629 tum
986 566 1023 630 de
1035 568 1194 632 itineribus

185 682 216 744 in
246 680 381 745 Siciliam
408 682 571 766 susceptiS,
602 682 734 766 denique
757 683 795 746 de
818 685 924 747 ceteris
947 685 1038 750 rebus
1062 687 1194 770 quaein

185 799 325 883 Epistola
347 799 429 862 VIII
453 807 632 884 tanguntur.

652 1039 723 1122 ιι.

336 1277 382 1338 De
406 1277 582 1337 Athenarum
604 1282 684 1337 stete
707 1277 883 1339 adolescente
907 1278 1039 1341 Platone.

485 1395 533 1456 De
553 1395 737 1458 damnatione
758 1396 894 1459 Soractia.

171 1620 174 1626 ’
229 1632 266 1694 Ιιι
289 1631 445 1715 Epistolae
468 1631 590 1695 exordio
614 1631 651 1695 de
675 1632 865 1696 Athenarum
886 1633 1076 1711 conditione,
1094 1635 1193 1718 qualis

184 1752 241 1815 sub
265 1751 389 1834 triginta
405 1751 476 1814 viris
493 1759 522 1814 et
538 1751 676 1836 proximo
692 1751 833 1836 deinceps
849 1760 984 1836 tempore
999 1753 1105 1831 fuerit,
1119 1754 1193 1817 haec

183 1870 341 1946 dicuntur,
366 1893 396 1954 p.
421 1872 485 1933 324
513 1869 547 1933 O.
578 1869 802 1948 „AdolescenS,
829 1870 902 1933 dicit
925 1872 1069 1956 scriptor,
1097 1895 1193 1955 quum

182 1990 347 2074 cogitarem
373 1989 593 2074 rempublicam
616 2012 787 2074 capessere,
810 1997 947 2074 tempora
969 1990 1045 2052 mihi
1069 1991 1193 2053 adversa

182 2110 325 2173 fuerunt:
351 2110 405 2174 ὑπὸ
428 2115 543 2173 ιιολλῶο
566 2111 624 2189 γαρ
646 2116 699 2183 τῆς
722 2108 789 2174 τότε
811 2108 1018 2196 λοιδορουμένης
1043 2110 1190 2182 πολιτείας

182 2232 245 2314 (up.
276 2239 329 2304 τῆς
358 2228 563 2312 δημοκρατίας)
589 2229 744 2305 μεταβολὴ
779 2228 929 2304 γίγνεται,
952 2227 1001 2292 καὶ
1024 2237 1077 2302 τῆς
1099 2253 1191 2305 μετα·

181 2349 273 2425 βολῆς
297 2343 336 2419 εἷς
359 2347 408 2412 και
432 2347 610 2421 πεντήκοντα
628 2372 702 2418 τινες
721 2347 818 2427 ἄνδρες
835 2347 1017 2426 προῦστησαν
1032 2346 1190 2430 οιρχοοτες,

180 2466 280 2530 ἕνδεκα
314 2467 367 2543 μὲν
401 2467 429 2530 ἐκ
462 2464 565 2548 deret,
594 2464 664 2529 δέκα
694 2466 717 2528 δ’
737 2467 765 2529 ἐκ
788 2472 930 2544 Πειραιεῖ,
954 2466 1017 2545 περὶ
1040 2467 1189 2546 τὀὶγοροὶο

181 2585 306 2664 ἓκοιτεροι
328 2586 435 2650 τούτων
458 2583 563 2650 ἔσοι’
535 2611 554 2648 τ
577 2585 605 2648 ἐκ
628 2584 725 2656 τοῖς
706 2609 809 2648 αοτεοι
825 2585 932 2649 διοικεῖν
948 2583 1019 2659 ἔδει,
1036 2585 1190 2664 τριακοοτα

181 2706 210 2769 δὲ
234 2704 348 2769 adurar
374 2727 515 2784 αρχοντες
537 2703 723 2778 κατέστασαν
746 2703 958 2782 αὐτοκράτορες.
944 2702 1118 2766 Abolita
1141 2703 1190 2766 de-

180 2831 296 2887 mocrat
297 2824 342 2901 ia,
366 2822 550 2908 reipublicae
573 2821 727 2906 praeposit
728 2845 761 2884 os
778 2845 842 2885 esse
857 2821 931 2885 dicit
918 2828 1040 2885 tnnum
1057 2829 1087 2885 et
1103 2822 1190 2905 quin·

181 2943 329 3028 quaginta
350 2943 447 3020 viros,
471 2941 612 3005 undecim
635 2941 667 3004 in
691 2941 783 3019 urbe,
807 2938 910 3004 decem
936 2941 967 3003 in
989 2940 1114 3019 Piraeo,
1139 2941 1190 3004 tri-

180 3064 266 3146 ginta
289 3068 341 3125 aut
343 3084 390 3124 em
414 3043 532 3123 summa
554 3065 654 3145 potest
656 3067 703 3123 ate
727 3059 868 3122 omnibus
891 3059 1083 3148 imperantes.

227 3180 324 3244 Hic'
313 3186 436 3264 Jamst
438 3179 511 3242 atim
538 3178 648 3242 mirum
673 3176 783 3241 accidit
770 3176 889 3261 tquod
913 3177 1042 3241 Athenis
1065 3201 1189 3262 praepo-

181 3299 233 3362 siti
256 3321 320 3362 esse
343 3298 488 3362 dicuntur
511 3296 644 3374 LIviri,
669 3296 820 3380 quas1hi,
841 3296 897 3359 etsi
912 3304 966 3381 pot
968 3297 1071 3360 estatis
1091 3296 1188 3380 gradu

181 3417 332 3501 dispares,
357 3439 454 3480 unum
477 3423 579 3479 tamen
603 3414 763 3478 consilium
783 3413 946 3478 effecerint.
982 3415 1030 3478 Ab
1046 3414 1188 3478 omnibus

181 3535 333 3599 veteribus
363 3535 561 3620 scriptoribus
592 3557 654 3599 ιιιιο
685 3556 835 3597 consensu
866 3535 889 3598 οἱ
917 3533 1071 3612 ιριοικοιιτα
1093 3533 1188 3596 nomi-

179 3662 293 3719 nantur
322 3651 469 3738 tanquam
500 3676 636 3717 summus
666 3653 881 3737 magistratus,
914 3676 1068 3716 summum
1099 3653 1188 3716 colle·
1252 3674 1253 3679 ¹

179 3775 279 3858 gium,
308 3773 358 3838 cui
380 3773 472 3837 ceteri
495 3795 599 3836 omues
622 3780 772 3856 parerent.
750 3771 879 3835 tIlla
902 3771 1035 3857 appellat
1022 3771 1065 3834 tio
1088 3794 1187 3854 neque

180 3900 252 3978 apta
281 3899 312 3956 et
342 3899 388 3956 est
418 3892 550 3955 insolita.
597 3891 773 3954 Mirumt
743 3891 836 3955 etiam
865 3891 949 3975 quod
978 3890 1062 3954 addit
1049 3898 1100 3954 tur
1122 3915 1187 3954 πει·

180 4008 305 4086 τήκοντα
320 4035 426 4084 τινες,
444 4033 531 4095 quasr
524 4010 579 4073 'hi
591 4009 782 4074 obscurit
728 4016 782 4073 aut
797 4010 868 4094 igno
870 4016 895 4073 ιι
870 3986 1046 4073 thomines
1062 4007 1185 4072 fuerint

182 4131 354 4194 Pronomen
375 4156 419 4203 τις
443 4129 492 4194 hle
512 4151 574 4195 non
589 4130 686 4217 magis
702 4130 776 4196 scite
792 4129 965 4218 appositum
982 4149 1072 4217 quam
1088 4127 1183 4211 infra,
