2746 4950
529 1082 725 1177 CAPUT
761 1083 827 1176 IX.

213 1411 251 1452 nn
274 1408 503 1467 irrisionum,
527 1408 700 1452 rannerius
723 1399 786 1452 111²⁸
809 1395 840 1453 et
861 1397 941 1465 v112‘,
975 1408 1155 1454 rnorosmo.

410 1529 451 1571 nn
472 1528 622 1574 neironis
645 1528 949 1574 onranornroiuaus.

571 1823 784 1866 -wzotw-

223 2111 323 2196 Snpra
348 2113 412 2197 jam
440 2109 725 2188 animadvertimus,
757 2109 842 2194 quod
873 2111 1027 2175 neminem
1059 2113 1116 2196 qui
1139 2112 1190 2176 has

179 2228 320 2314 epistolas
343 2235 458 2294 attento
481 2230 582 2294 animo
605 2227 767 2314 perlegerit
797 2229 901 2313 fugere
932 2237 1056 2313 potest,
1088 2253 1189 2294 earum

178 2348 352 2434 plerasque,
376 2349 538 2434 praecipue
560 2370 630 2412 vero
654 2346 750 2411 VH³¹¹¹
773 2353 804 2411 et
819 2346 920 2426 III⁸¹¹¹‚
945 2350 1107 2414 continere
1129 2351 1190 2414 lau·

179 2467 332 2531 dationem
355 2467 491 2531 Platonis
514 2466 561 2530 vel
582 2467 684 2551 potius
711 2466 932 2546 defensionem,
956 2490 1019 2551 qua
1041 2475 1115 2533 tum
1134 2469 1191 2533 alia

178 2595 243 2651 tum
264 2587 393 2651 maxime
421 2588 486 2651 eius
512 2586 622 2650 itinera
648 2586 810 2671 Syracusas
838 2593 980 2681 susceptp
997 2595 1028 2651 et
1044 2610 1192 2653 commer-

179 2708 261 2770 cium
292 2705 375 2790 quod
406 2706 434 2769 ei
464 2727 533 2769 curn
564 2705 660 2768 altero
691 2705 839 2790 Dionysio
867 2706 927 2770 fuit
951 2706 989 2771 ab
1012 2707 1192 2772 invidorum

179 2825 463 2910 reprehensionibus
493 2824 696 2888 vindicantur.
745 2823 862 2910 Operae
893 2826 1026 2913 pretium
1050 2835 1132 2910 puto
1163 2825 1193 2889 id

179 2944 348 3007 accuratius
371 2942 529 3007 ostendere
552 2950 583 3006 et
605 2943 698 3006 simul
711 2943 861 3022 indicare,
879 2915 1053 3008 cuiusmodi
1071 2951 1105 3008 et
1120 2966 1194 3029 quo-

177 3086 317 3128 rumnam
332 3063 445 3127 fuerint
459 3063 534 3126 istae
549 3063 798 3148 vituperationes,
812 3085 889 3147 quae
901 3063 1082 3130 scribendae
1095 3065 1192 3129 huius

180 3182 337 3268 apologiae
361 3205 465 3246 ansam
488 3180 636 3246 dederint.

225 3300 263 3365 In
279 3300 401 3365 exordio
414 3300 569 3385 Epistolae
581 3299 646 3363 VII
656 3299 746 3363 Plato
755 3308 970 3364 commemorat
978 3305 1105 3366 cansam
1113 3325 1195 3368 cura

180 3419 336 3504 republica
359 3418 549 3483 abstinuerit.
595 3418 680 3482 Dicit
702 3418 734 3482 id
759 3442 790 3483 se
813 3419 918 3483 fecisse
933 3441 996 3482 non
1013 3441 1070 3482 sua
1087 3422 1194 3486 volun-

180 3546 259 3617 tate,
284 3538 336 3602 sed
360 3538 493 3601 adversis
516 3536 704 3622 temporibus
728 3543 758 3601 et
778 3538 928 3622 corruptis
951 3537 1086 3601 civitatis
1103 3541 1193 3604 mori-

180 3657 237 3722 bus
268 3663 417 3722 coactum.
463 3655 536 3728 Νέας
553 3655 620 3733 ὢν,
645 3654 763 3739 inquit,
788 3657 890 3738 ᾠήθην,
920 3657 944 3720 εἰ
970 3657 1074 3722 θᾶττον
1100 3659 1191 3734 epac

179 3783 229 3843 τοῦ
259 3778 395 3855 γενοίμην
424 3775 534 3856 κύριος,
568 3775 616 3839 ἐπὶ
643 3775 683 3839 τὰ
703 3775 782 3839 κοινὰ
804 3782 855 3850 τῆς
879 3774 990 3846 πόλεως
1013 3775 1097 3848 εὐθὺς
1121 3777 1190 3841 ἰέναι

181 3897 222 3980 (p.
255 3897 318 3959 324
350 3895 388 3979 Β)
394 3921 403 3972 ;
436 3893 489 3958 sed
513 3893 550 3957 ab
574 3892 632 3956 hoc
656 3893 812 3977 proposito
837 3916 905 3956 sum
928 3892 1092 3956 deterritus
1114 3896 1188 3959 inse·

181 4010 252 4078 outa
274 4012 365 4077 XXX
389 4013 521 4076 virorum
545 4011 761 4075 dominatione.
808 4011 866 4074 His
890 4010 1024 4095 expulsis
1040 4011 1125 4076 idem
1141 4035 1186 4076 me

121 4177 124 4183 -
181 4132 318 4196 studium
345 4132 453 4197 traxit:
481 4131 745 4210 βραδύτερονμὲν,
770 4125 847 4195 εἷλκε
870 4130 900 4194 δέ
919 4155 958 4206 με
981 4129 1057 4208 ὅμως
1083 4135 1100 4208 ἡ
1125 4130 1184 4211 περὶ
