2746 4950
670 340 710 401 52

193 534 327 619 quaesita
345 536 515 624 polyptota:
539 540 587 606 τὸν
608 543 676 608 τότε
698 583 743 595 -
765 552 822 611 τῶν
845 549 930 632 τότε,
955 553 1138 632 Φευγόντων
1161 557 1210 638 φί-

191 671 246 719 λων
261 693 305 703 -
319 657 476 739 φεύγοντος
491 661 583 724 οὔτοί.
607 659 800 728 Postremum
824 666 882 731 hoc
906 669 1034 734 verbum
1059 673 1210 740 iteratum

191 783 235 838 est
257 782 371 840 mutata
391 777 627 862 significatione:
651 779 702 845 ἕνον
728 789 786 848 τῶν
809 787 981 867 φευγόντων
1004 792 1107 874 φίλων
1132 794 1209 859 dicit

189 916 281 958 unum
304 917 340 960 ex
362 899 519 976 acuuctia,
543 897 689 963 Leontem
714 900 933 985 Salaminium,
950 929 1021 972 eum
1039 932 1138 994 quem
1154 913 1207 978 So

188 1021 281 1078 crates
304 1038 321 1079 a
343 1017 476 1101 tyrannis
494 1018 598 1102 jussus
621 1028 685 1084 erat
710 1022 842 1099 οὶγοιγοῑν
861 1027 901 1098 εἰς
920 1029 972 1102 τὴν
992 1027 1076 1094 θόλον
1095 1032 1203 1118 (Apol.

188 1156 218 1218 p.
242 1134 617 1221 stupescentem
640 1139 817 1222 ἐδυστύχουν
840 1145 924 1209 ωὑτοὶ
952 1153 1027 1210 sunt
1051 1149 1108 1232 qui
1133 1159 1203 1216 tum

187 1255 297 1318 οοσνὶω
318 1264 411 1320 erant.
456 1256 551 1321 Plena
573 1265 618 1322 est
643 1258 769 1343 epistola
783 1260 962 1328 huiusmodi
978 1265 1146 1334 rhetorum
1171 1272 1204 1335 fi·
1238 1283 1241 1295 '

187 1372 269 1456 guris
303 1380 333 1438 et
360 1375 502 1440 flosculis.
540 1375 722 1462 Exemplum
756 1376 829 1443 huic
853 1383 926 1445 satis
959 1383 1059 1448 simile
1085 1386 1204 1472 legitur

187 1513 216 1575 p.
241 1493 303 1556 351
327 1493 373 1558 D:
397 1494 636 1572 διευλαβούμενος
659 1495 688 1559 δὲ
699 1496 741 1572 μὴ
757 1498 897 1574 caleio,
910 1496 987 1578 ὅμως
999 1501 1199 1575 ἓττοοοσεν...

186 1611 387 1689 θοουμοοστὸν
409 1615 519 1678 redde
542 1614 656 1694 οὐδέν·
680 1611 752 1686 douc
774 1606 916 1699 γὰροὶνῆο
935 1621 1085 1689 οὲνοσίων
1102 1626 1198 1708 sript,

184 1729 325 1813 σώφρων
348 1758 380 1799 τε
402 1731 451 1799 κοοὶ
482 1731 640 1816 ἔμφρων,
675 1732 708 1797 τὸ
738 1733 791 1810 μὲν
814 1732 878 1800 ἕλον
901 1739 952 1803 οὐκ
972 1736 1008 1803 ἄν
1028 1764 1103 1807 τοτε
1136 1745 1199 1811 διον·

183 1850 316 1926 ψευσθείν
346 1859 398 1926 τῆς
428 1858 530 1932 ψυχῆς
561 1857 615 1915 τῶν
645 1851 813 1917 τοιούτων
840 1852 937 1935 ripe,
966 1856 1198 1938 κυβερνήτουδέ

183 1968 294 2044 aeaut
317 1970 426 2042 τοὶθος
449 1968 485 2034 ἂν
506 1969 572 2040 ἴσως
596 1972 632 2034 οὐ
655 1970 861 2047 θωυμοοστὸν
884 1975 913 2038 εἰ
937 1975 1041 2040 rator
1065 1981 1143 2045 κτὲ.

227 2085 313 2167 Quae
337 2088 425 2152 anuli
449 2089 521 2151 satis
545 2087 726 2165 ostendunt,
751 2097 940 2175 quantopere
955 2093 1082 2159 initium
1100 2096 1196 2185 hujus

184 2206 328 2292 epistolae
351 2231 369 2272 a
391 2207 548 2272 Platonica
571 2206 693 2271 dicendi
717 2207 867 2292 elegantia
890 2218 920 2274 et
940 2211 1071 2278 sanitate
1089 2215 1194 2283 distet.

183 2325 359 2393 Rhetoricae
389 2329 542 2413 argutiae,
575 2326 674 2390 inanis
705 2326 866 2393 verborum
894 2329 1120 2414 redundantia,
1144 2360 1195 2423 pe

181 2447 259 2510 riodi
292 2448 370 2512 male
404 2447 604 2532 compositae,
640 2446 730 2510 verba
763 2447 930 2532 impropria
964 2457 1016 2514 aut
1047 2452 1193 2520 insolita:

181 2567 319 2631 omnibus
348 2566 525 2631 huiusmodi
548 2565 630 2628 vitiis
653 2572 769 2629 scatent
792 2587 869 2648 quos
893 2570 1095 2634 tractavimus
1119 2572 1194 2639 loci.

224 2805 309 2886 Quae
341 2807 374 2872 in
397 2805 593 2890 sequentibus
615 2804 703 2869 Plato
726 2804 764 2868 de
787 2827 818 2869 se
841 2805 904 2890 ipse
927 2806 1048 2886 scribit,
1078 2808 1120 2874 de
1144 2835 1193 2876 co·

180 2925 375 3009 gitationibus
406 2926 468 2990 suis
500 2934 530 2989 et
561 2923 692 2988 consiliis
716 2924 753 2988 de
776 2923 948 3010 republica,
974 2925 1012 2989 de
1035 2928 1138 3011 primo
1162 2942 1193 2996 et

180 3045 274 3109 altero
304 3047 413 3110 itinere
443 3046 476 3110 in
506 3043 627 3108 Italiam
658 3051 689 3107 et
719 3042 870 3122 Siciliam,
903 3043 941 3108 de
965 3049 1192 3116 consuetudine

181 3188 235 3230 sua
266 3187 335 3230 cum
358 3165 458 3229 Dione
488 3174 517 3228 et
540 3163 705 3247 Dionysio,
731 3162 768 3226 de
792 3163 911 3227 casibus
935 3162 1005 3247 qui,
1029 3163 1133 3231 Dione
1157 3170 1190 3235 in

180 3285 318 3350 exsilium
333 3286 439 3363 misso,
463 3284 520 3370 ipsi
542 3283 575 3346 in
600 3281 669 3346 aula
687 3281 826 3366 Dionysii
846 3277 969 3366 degenti
992 3282 1189 3369 obtigerunt,

180 3406 367 3490 caprimum
398 3403 568 3490 inspicienti
591 3401 718 3465 forsitan
741 3401 889 3486 gravitate
912 3403 1134 3470 sententiarum
1160 3416 1191 3473 et

178 3523 336 3589 verborum
353 3524 477 3588 flumine
493 3545 527 3586 ac
542 3522 641 3587 nitore
665 3520 875 3585 commendare
891 3544 922 3585 se
937 3520 1114 3602 videantur,
1134 3527 1191 3610 qui

178 3665 248 3706 vero
272 3644 416 3708 attentius
436 3642 560 3726 legerit,
586 3640 731 3705 continuo
755 3639 865 3704 sentiet
880 3662 915 3703 ea
929 3661 992 3704 non
1007 3663 1189 3725 germanum

177 3760 350 3827 Platonicae
369 3761 509 3827 dictionis
534 3761 679 3838 colorem,
704 3759 757 3823 sed
780 3759 912 3822 fucatam
931 3759 1030 3844 potius
1053 3762 1189 3846 speciem

176 3880 295 3945 referre.
327 3881 428 3946 Lubet
447 3879 577 3966 exempli
598 3879 694 3964 gratia
714 3876 878 3942 nonnullos
903 3899 1059 3963 excerpere
1082 3879 1186 3962 locos,

86 4048 88 4054 .
178 3998 289 4084 quibus
311 3999 368 4064 hoc
388 3998 537 4085 judicium
560 3999 760 4062 confirmetur.

221 4116 294 4203 Pag.
315 4120 377 4183 327
403 4116 550 4181 Blandat
566 4115 696 4180 Dionem
713 4115 948 4189 adolescentem,
970 4113 1067 4197 quod,
1086 4116 1183 4221 simn-
