2746 4950
1128 355 1160 396 IX

153 553 210 593 aaa
236 530 324 592 mimis
353 531 425 591 rade
453 534 480 590 et
502 528 703 611 imperfectam
734 525 891 602 aidebitar,
916 526 950 588 id
976 549 1033 589 aaa
1057 526 1162 607 eaipaa

149 687 207 746 pro
233 669 323 746 porte
353 663 412 725 tais
435 662 563 724 comitiis
585 663 753 745 moaitisqae
776 667 922 742 acceptam
946 660 1040 724 deberi
1059 666 1163 740 pratas

149 799 297 880 prepiteor.

204 931 260 994 Vos
282 938 390 1007 aretem,
415 930 473 994 oiri
497 929 655 993 doctissimi
677 934 705 990 et
729 927 899 1004 clarissimi,
925 928 976 1012 qai
994 929 1039 991 oet
1053 927 1084 989 ia
1106 929 1163 1012 ap-

156 1064 265 1127 maasio
288 1063 542 1148 Rimotrop'ectiao
566 1063 805 1125 adolesceatadam
828 1084 870 1123 me
889 1063 1039 1124 literarum
1059 1061 1164 1124 stadiis
1219 1127 1223 1140 ,

145 1196 306 1283 formastis
324 1202 412 1281 atqae
430 1199 556 1278 coempto
576 1203 603 1259 et
622 1196 803 1260 iactitatioae
817 1196 1022 1278 praeparastis
1038 1199 1079 1259 ad
1089 1195 1167 1258 iliad

154 1352 258 1393 mamas
286 1332 364 1414 qaod
381 1331 448 1415 jam
471 1331 532 1411 ipse
561 1353 623 1392 sam
652 1330 810 1411 impressas,
847 1332 893 1392 oet
913 1331 964 1414 qai
974 1331 1110 1413 jaoeaem
1133 1330 1164 1391 ia

156 1466 210 1526 dac
237 1465 393 1528 Academia
416 1464 572 1545 maltipiiei
594 1464 815 1545 discipiiaaram
839 1465 917 1526 calta
940 1463 1086 1547 coriisque
1107 1470 1165 1525 sta-

156 1598 268 1662 diorrrm
303 1599 456 1661 camisalia
485 1601 526 1660 ad
553 1599 662 1660 altiora
691 1597 856 1673 erudistis,
889 1597 1012 1678 accipite
1037 1599 1164 1660 siaceras

156 1730 248 1793 aaimi
274 1731 398 1811 pretias.
452 1730 480 1792 V
476 1751 507 1792 os
526 1730 704 1810 praecipue,
740 1729 798 1792 oiri
832 1729 986 1792 clarissimi
1017 1729 1165 1792 Rooers

94 1853 97 1859 ⁴
157 1871 185 1928 et
224 1866 446 1948 Opeoomer,
479 1885 549 1948 qaas
579 1887 632 1945 per
648 1863 752 1944 pieres
775 1885 863 1926 ammos
887 1864 989 1927 aadire
1012 1864 1082 1926 miii
1104 1885 1167 1925 coa-

158 1999 242 2078 apte,
265 1999 388 2083 aiteram
412 1997 552 2060 distoriae
578 2004 606 2059 et
628 1997 833 2080 oatiqaitatam
847 1997 951 2082 foratas
974 1999 1164 2077 amaricatam,

157 2133 281 2194 atteram
313 2131 373 2194 aeri
400 2131 573 2216 aaqaireadi
595 2131 659 2194 aias
681 2137 709 2194 et
731 2131 834 2194 meotis
856 2132 997 2193 iamaaoe
1013 2151 1166 2211 processas

157 2265 362 2346 caplicaatem,
380 2287 555 2346 persuasam
575 2264 808 2338 acommodata,
829 2286 872 2326 me
886 2270 945 2326 tam
960 2265 993 2327 ab
1005 2263 1164 2326 iastitatio-

157 2421 219 2462 aem
250 2405 371 2462 oestram
401 2422 487 2483 qaam
510 2400 543 2462 ab
566 2399 725 2461 comitatem
747 2404 775 2461 et
798 2398 1017 2461 deaeooieatiam
1039 2420 1097 2482 qao
1121 2420 1164 2460 me

160 2533 286 2613 ampieai
317 2532 385 2596 estis
415 2532 458 2594 ita
490 2532 567 2595 oobis
594 2532 752 2595 deaiactam
783 2553 859 2606 esse,
891 2536 941 2607 at,
974 2533 1042 2594 dam
1072 2531 1162 2594 stadii

158 2665 324 2728 Academici
346 2665 481 2728 memorio
504 2666 535 2728 ia
559 2665 654 2728 aaimo
677 2687 736 2728 meo
759 2664 903 2747 haerebit,
932 2670 1027 2727 rocstra
1057 2687 1166 2749 qaoqae

156 2800 272 2862 aomiao
294 2822 364 2862 cara
387 2800 457 2862 miii
479 2800 539 2862 siat
551 2801 675 2885 fatara.

209 2932 264 2996 Vos
286 2933 423 3016 deaiqae,
448 2954 517 3017 qaas
539 2931 571 2993 ia
596 2931 752 2995 Academia
764 2932 844 3011 fidos
863 2937 997 3012 eapertas
1015 2955 1076 2994 sam
1094 2932 1166 2994 omi-

158 3087 221 3141 cos,
241 3064 406 3151 qaibascam
429 3065 506 3127 seria
530 3071 557 3128 et
570 3065 643 3148 joca
666 3063 826 3126 commaaia
848 3063 954 3140 dadai,
971 3065 1061 3127 oadete
1081 3064 1166 3127 etita

157 3197 213 3261 mei
232 3220 366 3261 memores
388 3204 487 3278 estote,
521 3204 553 3259 at
577 3219 625 3278 epo
648 3197 736 3259 aestri
758 3219 906 3280 aaaqaam
930 3197 1070 3259 odiitaras
1093 3220 1165 3259 sam.

226 3505 312 3569 Scripsi
330 3503 561 3562 amstelodami,
579 3521 612 3553 m.
628 3503 743 3552 anusrio
761 3519 781 3551 a.
800 3516 950 3553 mooccsxrv.
