2746 4950
662 352 700 410 56

176 561 225 623 καὶ
245 560 350 639 φίλοις.
375 583 403 643 p.
421 561 484 621 349
504 560 547 620 A:
572 558 664 621 δοκεῖ.
679 605 704 619 ..
725 549 819 635 ταῦτα
837 556 1040 634 προγεγονέναι
1057 556 1185 636 φανερὸς

176 678 446 757 ἀποτετραμμένος,
471 700 525 762 pro
548 658 624 741 δοκεῖ
638 677 733 756 ταῦτρ
756 700 795 751 πκ
818 675 1051 756 ἀποτετρίφίαι.
1072 698 1106 760 p.
1121 679 1186 739 338

177 799 217 861 B:
249 800 284 868 ὡς
297 847 304 861 .
319 847 348 860 ..
376 796 553 878 φιλοσοφίας
575 797 604 860 ἐν
627 795 762 877 ε’πιίυμίρι
784 795 873 858 πάλιν
895 792 937 868 εἴη
960 793 1102 870 γεγονώς.
1128 794 1187 858 Τυ-

177 916 233 992 lia,
258 940 336 1000 quae
358 915 440 1001 apud
464 915 558 980 bonos
582 915 740 1000 scriptores
763 936 829 976 raro
853 937 884 977 so
907 913 1057 990 offerunt,
1082 920 1188 978 noster

177 1035 311 1099 studiose
335 1042 475 1098 sectatur.

220 1273 386 1356 Postquam
417 1271 493 1335 dixit
521 1271 619 1355 qualis
652 1278 730 1335 esset
766 1271 873 1334 Dionis
909 1270 1046 1348 animus,
1082 1278 1187 1333 narrat

177 1415 263 1468 eum,
301 1400 421 1455 mortuo
453 1391 616 1474 Dionysio,
649 1390 741 1453 huius
773 1388 836 1452 filio
872 1389 1004 1452 suasisse
1029 1394 1068 1451 ut
1094 1389 1189 1473 proti·

178 1533 235 1573 nus
270 1533 301 1572 so
336 1509 517 1592 (Platonem)
548 1517 728 1586 arcesseret,
764 1508 925 1592 ipsumque
959 1529 1012 1591 per
1046 1507 1188 1572 litei-asse

176 1650 297 1712 rogasse
320 1636 355 1691 ut
377 1627 502 1691 veniret.
538 1626 672 1712 Exponit
693 1626 767 1690 haee
791 1626 904 1690 talibus
926 1624 1043 1703 verbis,
1071 1649 1101 1712 p.
1119 1629 1185 1692 327

178 1748 284 1810 D·326
314 1748 355 1809 A:

222 1866 278 1930 Καὶ
310 1866 396 1936 αὐτὸς
429 1865 455 1946 (ὁ
485 1865 571 1947 Δίων)
598 1863 708 1928 ἐδεῖτο
732 1864 855 1939 πέμπων
878 1860 953 1937 ἥκειν
975 1863 1027 1946 (so.
1051 1862 1118 1947 ἐμὲ)
1142 1861 1186 1928 ῦτι

176 1983 313 2064 τάχιστα
343 1984 380 2047 ἐκ
405 1981 537 2054 παντὸς
559 1980 701 2058 τρόπου,
725 1981 788 2060 πρίν
812 2004 892 2053 τινας
917 1977 1024 2051 ἀλλους
1048 1981 1186 2062 ἐντυχόν-

176 2125 232 2172 τας
264 2102 399 2181 Διονυσίῳ
429 2103 475 2165 ἐπ’
501 2098 592 2164 ἀλλον
617 2101 680 2178 βίον
707 2099 796 2165 αὐτὸν
821 2104 871 2164 τοῦ
898 2099 1055 2177 βελτίστου
1086 2123 1185 2179 παρα-

178 2220 300 2300 τρέψαι.
333 2219 445 2296 λέγων
468 2219 497 2282 δὲ
519 2218 589 2283 τάδε
612 2219 740 2300 ἐδεῖτο,
765 2220 789 2283 εί
813 2217 862 2282 καί
886 2217 1049 2299 μακρότερα
1072 2219 1185 2283 είπεῑν·

177 2339 288 2415 ,,Τίνας
323 2338 381 2417 γάρ
414 2336 539 2418 καιροὺς,
574 2338 648 2416 ἔφη,
682 2334 794 2416 μείζους
829 2340 1032 2415 περιμενοῦμεν
1058 2342 1116 2401 τῦν
1138 2343 1188 2401 νῦν

178 2456 419 2536 παραγεγονότων
451 2457 511 2535 ίείρι
543 2455 597 2520 τινὶ
631 2455 748 2536 stim?
782 2453 995 2531 καταλέγων
1024 2454 1054 2521 δὲ
1075 2457 1130 2531 τήν
1152 2482 1188 2522 τε

178 2578 271 2658 ἀρχὴν
300 2585 353 2651 τῆς
380 2577 510 2647 Ἰταλίας
539 2574 588 2638 καί
619 2576 756 2646 Σικελίας
784 2574 833 2638 καὶ
864 2576 915 2647 σὺν
945 2575 1033 2639 αὑτοῦ
1065 2573 1189 2654 δύναμιν

88 2737 91 2742 -
179 2697 207 2759 ἐν
235 2696 310 2775 αὐτῇ
340 2694 388 2758 καί
412 2695 464 2768 τὴν
487 2693 609 2768 νείτκτα
632 2693 680 2757 καί
704 2695 755 2766 σὺν
778 2693 930 2769 ἐπιθυμίαν
953 2694 1004 2766 τὴν
1025 2694 1187 2768 Διονυσίου,

178 2813 355 2893 φιλοσοφίας
378 2836 411 2877 τε
430 2812 478 2875 καί
495 2811 628 2883 παιδείας
650 2813 692 2882 ὥς
713 2811 790 2890 ἔχοι
813 2810 966 2893 σφόδρα,
990 2811 1105 2886 λέγων
1121 2813 1189 2884 τοῦς

178 2954 212 2993 τε
227 2930 314 2994 αὑτοῦ
330 2930 502 3011 ἀδελφιδοῦς
518 2928 567 2994 καί
579 2929 645 3001 τοὺς
657 2930 781 3005 οἰκείους,
797 2932 834 3000 ὡς
850 2928 1115 3010 εὐπαράκλητοι
1133 2926 1189 2996 εἶεν

179 3047 247 3128 πρὸς
273 3049 321 3113 τὸν
348 3049 397 3111 ὑπ’
424 3049 493 3124 ἐμοῦ
515 3049 672 3125 λεγόμενον
694 3046 739 3112 ἀεὶ
761 3049 867 3126 λίγυν
891 3045 948 3111 καὶ
978 3046 1059 3124 βίον
1084 3048 1189 3112 ἱκανοί·

178 3167 263 3231 τατοί
289 3191 322 3230 τε
353 3167 495 3232 Διονύσιον
524 3166 785 3249 ξυμπαρακαλεῑν,
806 3166 897 3245 ίίστε,
922 3166 999 3247 είπερ
1025 3167 1112 3242 ποτὲ,
1139 3170 1190 3233 καί

179 3291 225 3349 νῦν
246 3286 328 3356 ε’λπίς
352 3289 439 3349 πάσα
461 3286 725 3361 ἀποτελεσθήσεται
741 3292 790 3349 τοῦ
806 3285 872 3357 τοὺς
888 3287 991 3358 αὐτοὺς
1006 3285 1190 3367 φιλυτίφυυς

178 3428 212 3468 τε
245 3404 295 3467 καί
330 3402 438 3468 πόλεων
471 3401 617 3485 ἀρχοντας
651 3402 792 3481 μεγάλων
826 3402 975 3481 ξυμβῆναι
1008 3405 1189 3482 γενομένους.

224 3521 364 3606 Quisque
387 3522 460 3587 haec
483 3523 587 3607 legens
611 3529 641 3586 et
664 3522 823 3587 attendens
848 3522 939 3587 verba
966 3545 1044 3606 quae
1060 3522 1192 3590 distinxi

180 3642 284 3705 statim
315 3642 535 3706 animadvertat
565 3641 741 3726 languidam
778 3643 952 3726 juncturam
975 3642 1007 3706 iu
1031 3643 1118 3707 ε’δεῖτο
1142 3683 1191 3694 -

179 3759 274 3836 λέγων
303 3760 333 3825 δὲ
360 3759 430 3824 τάδε
461 3761 549 3825 ἐδεῖτο
581 3798 626 3808 -
652 3760 826 3836 καταλέγων
856 3798 901 3807 -
929 3760 1032 3837 λέγων.
1080 3759 1191 3840 Quum

180 3888 282 3944 autem
311 3880 388 3943 dixit
414 3879 485 3945 τάδε
515 3880 619 3958 εδεῖτυ,
652 3881 675 3943 εί
699 3880 749 3943 καί
771 3879 936 3959 μακρότερα
958 3880 1065 3956 εἰπεῖν,
1097 3903 1190 3946 nemo

180 4021 241 4062 non
270 4005 423 4083 exspectet
454 4022 485 4061 se
516 4003 618 4062 totam'
634 3998 744 4063 Dionis
768 3999 934 4062 orationem
957 3998 1005 4061 vel
1028 3999 1190 4083 epistolam

177 4117 273 4212 ipsius
296 4116 394 4191 verbis
418 4116 613 4194 auditurum
638 4125 670 4185 at
693 4118 794 4190 statim
818 4124 888 4209 post
910 4117 1042 4209 primum
1066 4119 1189 4190 enunti-
