2746 4950
654 362 717 434 204

179 566 208 627 ἐν
231 573 267 645 τῇ
290 571 377 645 ψυχῇ
400 567 549 643 γενόμενον
569 568 640 631 αὐτὸ
658 567 746 631 ἑαυτὸ
769 567 819 642 ἤδη
842 568 956 648 τρέφει.
998 566 1100 648 Quod
1124 569 1192 634 dicit

180 681 425 768 „philosophiam
446 707 507 748 non
531 685 609 748 sicut
625 693 737 748 ceteras
754 684 929 768 disciplinas
952 685 1191 769 impertiendam

181 823 244 864 esse
276 800 469 879 hominibuS‚
503 803 555 866 sed
579 826 594 866 e
621 802 784 887 multiplici
812 803 1023 888 disputatione
1049 814 1083 868 et
1106 804 1191 889 longa

182 921 401 986 cousuetudine
443 922 604 1009 derepente
641 922 728 1006 quasi
763 945 778 985 e
812 923 941 985 micante
983 923 1053 1006 igni
1091 923 1190 988 lumen

183 1061 340 1103 accensum
371 1041 403 1103 in
435 1041 535 1104 animo
570 1041 642 1105 oriri
676 1063 710 1104 ac
742 1040 850 1105 deinde
881 1063 912 1104 se
943 1042 1051 1126 ipsum
1080 1041 1190 1120 alere‚'’

181 1159 333 1243 praeclara
366 1159 440 1223 haec
463 1168 509 1223 est
539 1161 688 1225 sententia
718 1182 840 1244 prorsus
872 1183 886 1223 e
918 1159 1063 1224 Platonis
1093 1171 1189 1226 mente

181 1274 377 1361 expressa31)
407 1287 438 1341 at
465 1289 566 1343 tamen
596 1301 657 1342 non
689 1278 797 1364 probat
825 1277 857 1341 id
885 1277 968 1361 quod
994 1279 1100 1344 voluit
1124 1281 1189 1344 scri·

181 1403 267 1480 pter,
299 1396 366 1459 ideo
398 1397 476 1460 nihil
507 1397 596 1461 scribi
624 1404 771 1482 oportere.
818 1397 958 1480 Denique
989 1398 1022 1461 in
1052 1398 1190 1483 Epistola

181 1513 247 1577 XII
277 1513 315 1577 ad
346 1515 510 1600 Archytam
540 1515 628 1579 Plato
658 1516 728 1579 huie
756 1516 866 1600 gratias
889 1516 952 1599 agit
976 1538 1033 1600 pro
1060 1518 1188 1602 acceptis

180 1635 402 1697 commentariis
435 1642 465 1697 et
496 1635 625 1698 vicissim
657 1658 727 1698 suos
756 1635 783 1698 ei
805 1635 942 1698 remittit.
990 1634 1096 1698 Vocat
1119 1636 1188 1700 haec

181 1751 395 1828 ὑπομνήματα,
420 1753 439 1815 i.
458 1775 482 1815 e.
507 1753 666 1816 memoriae
690 1775 780 1817 cansa
802 1760 923 1830 notata,
947 1775 1012 1817 non
1035 1754 1189 1818 destinata

181 1876 216 1933 nt
239 1869 428 1953 evulgeutur.

225 1987 333 2072 Itaque
353 2012 389 2052 ex
405 1988 612 2073 Epistolarum
630 1989 726 2054 verbis
749 1990 944 2053 menifestum
968 1999 1015 2053 est
1031 1991 1100 2054 duo
1116 1992 1187 2056 haec

180 2108 290 2170 statui:
315 2109 462 2193 primum,
487 2109 645 2172 Platonem
669 2109 891 2193 philosophiam
913 2132 999 2173 snam
1015 2132 1084 2174 non
1100 2112 1188 2196 scrip

179 2228 217 2291 tis
249 2228 442 2312 explicuisse,
475 2228 528 2292 sed
556 2229 692 2314 dialogos
721 2251 797 2312 qnos
821 2229 940 2313 scripsit
963 2251 1029 2293 esse
1055 2252 1187 2315 operae

178 2345 330 2410 Socratico
352 2369 435 2410 more
458 2368 597 2431 expressa
620 2355 650 2410 et
673 2347 764 2411 animi
788 2369 879 2410 causa
897 2347 1088 2430 composita3
1117 2349 1187 2412 alte-

180 2488 262 2541 rum,
288 2487 356 2528 eum
380 2464 603 2551 philosophiam
627 2475 662 2529 ut
686 2467 842 2529 scientiam
866 2464 1000 2529 abditam
1024 2489 1092 2530 non
1108 2467 1187 2531 evul-

179 2606 278 2667 gasse,
304 2584 355 2647 sed
378 2586 459 2648 intra
481 2585 601 2649 scholae
624 2585 773 2649 cancellos
797 2594 827 2648 et
849 2585 1045 2649 familiarium
1064 2597 1187 2651 coetum

178 2703 371 2767 continuisse.
404 2704 450 2766 De
473 2714 603 2787 utroque
619 2703 694 2787 quid
714 2703 914 2789 judicandum
930 2704 970 2766 sit
986 2711 1017 2768 et
1033 2714 1186 2788 quatenus

179 2845 248 2885 cum
271 2820 407 2887 Platonis
429 2832 531 2886 mente
555 2825 730 2900 conveniat,
756 2822 973 2906 quaerendum.

223 2941 373 3018 Primum,
406 2941 489 3024 quod
519 2942 676 3005 Platonem
705 2942 939 3026 praecipientem
961 2941 1035 3005 facit
1059 2943 1100 3006 de
1126 2945 1188 3028 phi·

178 3059 317 3144 losophia
332 3082 392 3123 non
410 3060 504 3156 literis
516 3059 704 3137 mandanda,
715 3061 745 3123 id
761 3060 919 3124 manifesto
932 3059 1133 3144 depromtum
1145 3071 1188 3128 est

179 3201 194 3241 e
218 3178 373 3255 Phaedro,
398 3179 429 3241 in
454 3179 541 3242 cuins
565 3186 698 3243 extrema
723 3190 807 3263 parte
823 3179 960 3242 Socrates
976 3179 1015 3243 de
1031 3181 1187 3247 scribendi

176 3320 235 3360 usn
262 3297 409 3360 disserens
434 3298 522 3361 docet
544 3296 648 3374 λόγους
672 3299 800 3380 scriptos
825 3297 1065 3362 addiscendum
1093 3301 1187 3378 inuti-

178 3418 219 3480 les
243 3439 324 3492 esse,
350 3419 463 3501 quippe
486 3419 540 3500 qui
564 3441 594 3481 se
618 3419 698 3502 ipsos
722 3418 913 3501 interpretari
928 3426 1088 3500 nequeant
1094 3447 1104 3498 3
1132 3422 1188 3485 nti·

176 3535 252 3598 liora
283 3558 346 3598 esse
370 3557 447 3618 quae
469 3537 630 3601 memoriae
654 3536 841 3621 adjuvandae
865 3536 962 3619 gratia
984 3536 1186 3618 scribuntur,

177 3656 392 3732 ὑπομνήματα,
425 3655 536 3737 quibus
567 3657 597 3718 in
630 3663 786 3718 senectute
810 3656 878 3738 quis
901 3664 1024 3732 utatur3
1050 3660 1187 3741 optimos

178 3781 279 3836 autem
309 3774 412 3848 λόγους
436 3796 499 3837 esse
523 3775 575 3858 qui
598 3797 660 3837 nou
683 3774 715 3837 in
739 3774 843 3837 charta
866 3773 972 3837 sedin
995 3774 1188 3844 discentium

176 3892 283 3954 animis
314 3891 503 3956 scribantur:
539 3893 636 3970 „tales
660 3895 738 3956 fetus
762 3893 816 3976 qni
839 3893 933 3976 parit,
960 3892 1013 3957 hic
1039 3895 1186 3977 demum,

179 4063 368 4070 ———-.---‹

214 4138 234 4198 l)
252 4138 289 4186 cf.
303 4137 335 4215 ¹dc
352 4138 411 4201 Rep.
429 4137 475 4195 IV,
495 4153 517 4200 p.
535 4137 581 4184 435
601 4139 635 4194 Α,
653 4135 723 4184 etad
741 4136 763 4184 h.
776 4135 792 4183 l.
810 4137 861 4184 Ast.
880 4135 1015 4184 Oommeut.
1035 4154 1060 4202 p.
1078 4141 1141 4190 493.
