2746 4950
668 317 708 380 37

185 529 269 585 tante
293 529 323 586 et
345 523 478 587 instante
493 524 560 609 ipso
576 523 735 608 Dionysio,
754 525 843 589 cuius
859 526 964 590 literae
980 526 1019 590 ad
1033 526 1193 592 Platonem

185 650 476 722 commemorantur,
493 643 582 708 Plato
598 666 694 728 quum
714 645 769 709 diu
784 646 951 710 reluctatus
968 653 1057 725 essct,
1074 653 1136 731 tam
1154 646 1192 711 ob

186 763 376 847 superiorum
399 764 543 827 itinerum
565 764 745 828 frustratum
761 773 903 830 eventum
919 789 1010 850 quam
1027 766 1177 830 senectuti

185 882 284 966 gratia
307 905 338 946 se
362 905 525 961 excusans,
549 881 671 948 tandem
694 885 859 969 profiscisci
879 885 1002 963 statuit,
1019 891 1056 949 ut
1071 885 1192 969 tyranni

185 1000 321 1064 animum
343 1007 475 1069 tentaret
497 1009 527 1064 ct
547 1002 733 1086 experiretur
756 1003 871 1084 πότερον
887 1001 972 1076 ὄντος
988 1002 1030 1077 εἴη
1048 1001 1192 1076 Διονύσιος

186 1117 346 1195 ἐξημμένος
373 1119 428 1184 ὑπὸ
450 1119 641 1202 Φιλοσοφίας,
665 1117 758 1200 ὥσπερ
781 1120 882 1201 τυρὸς,
907 1122 923 1196 ἢ
946 1120 1044 1198 aalma
1067 1121 1080 1184 ὂ
1103 1120 1193 1193 τολὺς

185 1233 266 1307 οὗτος
289 1235 363 1300 ἔλθοι
385 1237 472 1314 λόγος
493 1235 641 1317 Ἀθήναζε.
667 1260 696 1322 p.
714 1240 778 1301 340
803 1236 839 1302 B.
886 1238 970 1302 Haec
994 1261 1071 1322 quae
1086 1239 1192 1323 paucis

184 1353 283 1418 verbis
314 1353 377 1418 dixi
404 1354 496 1439 longa
520 1355 655 1420 oratione
678 1364 709 1421 et
732 1357 920 1442 permultas
944 1357 1086 1442 ambages
1110 1380 1193 1421 enar-

184 1480 299 1538 rantur.
346 1474 406 1538 Hic
429 1472 518 1538 dictis
542 1476 666 1561 exponit
693 1483 849 1556 accurate,
874 1477 1000 1561 quinam
1016 1476 1192 1562 aptissimus

184 1595 224 1657 sit
253 1593 445 1678 ingeniorum
472 1592 617 1674 ἔλεγχος,
630 1584 696 1679 'qui
719 1596 854 1681 optimus
877 1596 987 1660 modus
1011 1595 1190 1680 explorandi

183 1735 257 1775 num
285 1712 353 1796 quis
376 1711 510 1777 indolem
533 1712 644 1777 habeat
668 1736 737 1778 vere
759 1714 919 1796 Φιλόσοφον
943 1722 974 1779 et
998 1715 1099 1778 animo
1122 1704 1193 1779 con-

183 1831 296 1915 ceperit
325 1830 417 1911 ἔρωτοι
446 1836 497 1895 τοῦ
519 1830 676 1909 βελτίστου
699 1831 776 1910 βίον.
825 1832 896 1913 Quo
919 1833 1038 1914 ἐλέγχῳ
1061 1855 1135 1896 usus
1158 1833 1191 1896 in

182 1949 330 2034 Dionysio
360 1972 431 2013 mox
459 1949 575 2014 invenit
607 1973 675 2014 eum
707 1951 826 2036 opinari
857 1951 970 2017 multas
1004 1960 1096 2036 atque
1128 1974 1193 2036 gra-

181 2067 317 2131 vissimas
351 2067 559 2152 philosophiae
590 2075 689 2153 partes
718 2091 749 2132 se
781 2070 874 2148 scire,
906 2071 981 2154 quin
1013 2069 1124 2146 etiam,
1157 2076 1192 2133 ut
1251 2109 1254 2116 ·

181 2184 350 2264 ferebatur,
389 2186 436 2250 his
475 2185 512 2250 dc
549 2186 640 2251 rebus
678 2187 819 2252 nonnihil
867 2188 980 2274 scripto
1021 2187 1191 2253 mandasse.

181 2305 275 2386 Quod
304 2306 407 2391 ipsum
436 2305 558 2369 Platoni
589 2313 767 2391 argumento
799 2314 863 2371 erat
894 2330 963 2372 eum
994 2330 1056 2373 non
1079 2331 1194 2393 germa-

181 2447 256 2488 num
280 2446 344 2487 esse
366 2418 597 2509 philosophum:
623 2447 654 2488 se
678 2423 759 2489 enim
775 2425 897 2489 nullum
914 2449 1051 2510 unquam
1066 2424 1192 2490 verbum

181 2543 219 2606 de
242 2542 437 2627 philosophia
467 2540 613 2621 edidisse,
641 2550 678 2606 ut
701 2565 779 2627 quae
801 2566 864 2608 non
888 2544 1000 2623 literis,
1025 2545 1078 2608 sed
1100 2544 1192 2629 longo

179 2669 300 2726 tantum
324 2662 502 2726 commercio
527 2668 563 2725 et·
580 2662 703 2726 assidua
726 2663 951 2728 consuetudine
967 2663 1049 2727 tradi
1065 2672 1095 2728 et
1110 2686 1192 2728 men·

180 2780 264 2844 tibus
286 2779 433 2844 inculcari
455 2781 560 2865 possit.
586 2780 619 2844 Si
642 2780 696 2865 qui
720 2788 794 2845 sunt
810 2781 864 2865 qui
881 2775 1057 2867 scripserint
1073 2782 1111 2846 de
1122 2782 1191 2867 phi-

180 2898 336 2984 losophia,
361 2898 477 2970 τούτους
500 2901 550 2963 orla
573 2898 651 2976 ἔστι,
668 2898 770 2983 inquit
779 2948 788 2977 ‚
805 2898 886 2965 κοιτοὶ
901 2925 939 2978 γε
954 2902 1005 2976 τὴν
1021 2902 1092 2978 ἐμὴν
1107 2899 1192 2977 δόξοιι

182 3017 244 3097 περὶ
276 3024 326 3083 τοῦ
358 3015 536 3096 attraxere
566 3018 677 3083 ε’τοιΐειι
707 3018 800 3084 οὐδέν.
836 3018 932 3083 οὔκουν
962 3018 1030 3097 ἐμόν
1060 3043 1097 3097 γε
1127 3018 1190 3100 περὶ

181 3140 275 3202 οιύτῶο
305 3139 365 3202 ἐστι
395 3137 586 3218 σύγγραμμα
609 3136 685 3201 οὐδὲν
715 3137 777 3202 οὐδὲ
798 3137 913 3216 μήποτε
935 3137 1072 3221 γένηται,
1096 3137 1190 3219 ῥητέον

180 3258 240 3338 γὰρ
269 3256 400 3334 ortanae
429 3257 506 3321 ἐστιν
535 3258 571 3328 ὥς
603 3254 686 3321 ἄλλοι
714 3258 883 3335 patinara
914 3258 975 3325 κτὲ.
1008 3281 1039 3343 p.
1064 3260 1127 3322 341
1152 3256 1187 3322 O.

180 3375 263 3440 Hine
285 3375 377 3459 longa
400 3374 545 3459 digressio
569 3374 607 3438 de
630 3381 740 3439 natura
762 3384 815 3450 τῆς
839 3377 1021 3459 ἐπιστήμης,
1045 3382 1116 3459 qua'
1129 3375 1190 3440 effi-

180 3495 261 3559 citur
295 3516 360 3557 eam
394 3492 486 3557 talem
516 3516 579 3557 esse
610 3505 646 3557 ut
675 3493 772 3558 literis
805 3495 978 3579 consignari
1007 3516 1063 3558 nec
1094 3492 1191 3579 possit

182 3637 238 3679 nec
268 3612 391 3690 debeat,
418 3637 447 3699 p.
472 3615 536 3676 342
560 3615 720 3678 A-345
745 3613 780 3678 Ο.
826 3613 914 3694 Quae
937 3613 1104 3699 disputatio
1126 3620 1195 3678 tam·
1304 3619 1306 3626 “

181 3733 280 3798 multa
310 3731 456 3796 habetet
483 3731 581 3796 verbis
613 3739 643 3796 et
672 3732 763 3797 rebus
794 3734 920 3822 confuse
950 3739 980 3797 et
1003 3732 1132 3797 obscura
1153 3739 1189 3796 ut

180 3875 277 3938 paene
299 3851 438 3935 aenigma
459 3850 559 3935 legere
582 3859 612 3916 te
635 3851 749 3916 credas.
764 3852 788 3937 1)

215 4114 239 4175 1)
257 4113 303 4162 Hic
320 4112 387 4162 locus
403 4112 466 4162 infra
483 4112 581 4162 seorsim
598 4129 612 4161 a
629 4128 667 4162 me
683 4110 833 4162 tractabitur.
