2746 4950
658 355 717 415 105

186 563 231 628 ιὶεί
254 566 312 646 χρὴ
330 613 336 628 .
356 612 388 629 ..
413 565 516 635 οιὺτοίις
535 563 571 627 ’δι
594 563 690 634 οιὺτοῑς
713 560 816 641 ἄνδρας
839 568 980 641 προκρῐιοιι
1000 564 1054 623 τῶν
1066 557 1182 632 ἄλλων,

185 678 231 753 οὓς
262 680 298 746 du
321 681 514 747 συνίοίοωιτοιι
545 681 676 762 οἰρίστοος
705 680 806 753 ίοτοιρ,
839 686 945 759 πρῶτον
968 678 1020 756 μὲν
1047 677 1183 759 γέροντος

185 801 244 865 κτὲ.
291 800 370 864 Item
393 823 470 883 quae
492 799 551 864 Dio
568 799 625 864 hic
648 800 685 864 de
709 823 764 863 sua
793 798 949 863 voluntate
979 797 1052 862 dicit
1075 820 1104 882 p.
1119 798 1180 862 357

186 923 229 983 A:
254 921 336 985 τοῦθ’
358 921 425 997 ὑριῖι
448 922 505 998 ἐγὼ
528 919 576 984 aa>
596 919 649 1002 ζῶν
667 920 801 996 διειοήίην
817 919 969 997 γίγνεσθαι
989 917 1038 982 nal
1057 922 1104 981 νῦν
1123 908 1200 980 διοι-Ι

185 1045 299 1116 ιοοῦριιιι
334 1041 405 1103 κτὲ.
437 1037 511 1102 haec
542 1060 681 1123 expressa
703 1044 776 1101 sunt
799 1060 835 1101 ex
857 1036 895 1100 iis
919 1058 995 1120 quac
1018 1035 1055 1099 de
1079 1035 1183 1101 eodem

185 1157 296 1241 scripta
319 1165 392 1221 sunt
415 1157 446 1220 in
469 1155 565 1242 Epist.
590 1154 671 1235 VII,
695 1179 725 1241 p.
751 1157 813 1220 335
837 1155 880 1218 E:
928 1155 1025 1220 Δίωιιι
1040 1155 1099 1236 γὰρ
1127 1156 1184 1232 ἐγὼ

184 1281 288 1357 caper
314 1271 400 1342 οἶδοι.
415 1326 444 1343 ..
472 1273 514 1342 ὅτι
544 1278 594 1352 τὴν
624 1277 717 1356 ἀρχὴν
748 1277 771 1340 εἰ
801 1275 949 1356 κοιτὲσχει
962 1325 970 1340 .
985 1325 1014 1341 ..
1045 1275 1078 1339 τὸ
1105 1274 1185 1352 μετὰ

184 1398 263 1461 τοῦτ’
292 1393 328 1460 ἂν
351 1392 431 1476 adop
452 1404 574 1476 μοχοιοῇ
598 1393 741 1471 ἐκόσμησε
763 1394 856 1473 νόμοις
878 1401 937 1466 τοῖς
961 1395 1130 1475 προσήκουσί
1152 1419 1184 1458 τε

184 1513 232 1579 aul
263 1514 386 1592 ἀρίστοις
415 1516 481 1586 τοὺς
512 1514 648 1586 πολίταις,
680 1513 714 1578 τό
743 1517 770 1577 τ’
796 1512 903 1594 ἐφεξῆς
933 1514 1042 1586 τούτοις
1072 1514 1186 1593 τρούίιι-

183 1634 261 1708 μεῑτ’
288 1631 325 1697 du
347 1631 473 1713 πρῖιξοιι,
496 1635 598 1698 τοῖσοιι
621 1634 758 1698 Σικελίαν
780 1630 947 1713 κοιτοικίζειν
969 1632 1018 1697 uui
1039 1631 1186 1711 ἐλευθέριον
1251 1685 1252 1688 ¹

185 1751 245 1815 οὶτὸ
266 1757 322 1816 τῶν
346 1751 508 1832 βορβοίρωιι
523 1759 620 1817 ποιεῖν.
668 1751 778 1836 Colligi
800 1751 871 1816 inde
894 1758 1010 1836 potest,
1031 1751 1108 1816 hanc
1125 1751 1186 1836 epi·

185 1870 293 1934 stolam
323 1893 339 1935 e
370 1871 524 1955 superiore
546 1870 668 1935 fluxisse
692 1878 722 1934 et
743 1870 836 1935 huius
864 1893 928 1935 esse
951 1870 1039 1953 quasi
1065 1870 1185 1956 supple·
1249 1870 1251 1872 ’

184 1995 338 2068 mentum,
383 2011 444 2073 quo
478 1996 660 2054 retractatur
686 1988 840 2068 ξυμβοιλὴ
869 1988 1066 2074 Syracusanis
1097 1989 1184 2067 data,

183 2109 262 2172 sicut
283 2107 421 2194 Epistola
444 2107 495 2172 HI
518 2116 565 2172 est
586 2108 675 2192 quasi
701 2107 914 2193 compendium
937 2129 1041 2173 eorum
1058 2109 1183 2192 quaein

183 2225 280 2312 Epist.
305 2225 369 2291 VII
392 2226 429 2291 de
451 2226 586 2291 Platonis
608 2226 769 2291 itineribus
791 2227 825 2290 in
847 2225 981 2292 Siciliam
1003 2227 1159 2312 leguntur.

227 2464 259 2528 Si
288 2463 416 2529 sormam
446 2464 538 2529 huius
569 2465 714 2550 epistolae
737 2473 873 2550 spectas,
898 2466 972 2530 haec
995 2487 1118 2551 prorsus
1141 2489 1185 2530 re·

182 2584 242 2649 fert
257 2584 439 2664 διρριιργορίοιο.
474 2583 530 2648 Est
546 2584 720 2648 exercitatio
736 2607 752 2648 e
768 2608 876 2670 genere
888 2586 1078 2663 suasionum,
1091 2584 1186 2649 abun·

184 2703 258 2767 dans
282 2702 455 2780 sententiis,
472 2701 640 2767 luminibus
656 2710 686 2767 et
701 2704 817 2788 figuris.
849 2703 941 2784 Quod
956 2704 1017 2768 Dio
1033 2726 1070 2768 ex
1082 2704 1185 2768 inferis

182 2822 329 2886 excitatur
351 2828 382 2886 et
404 2820 531 2904 loquens
558 2821 730 2899 inducitur,
755 2831 862 2887 notum
885 2831 931 2887 est
947 2822 1184 2888 etillustrerhs

181 2949 281 3004 torum
304 2940 475 3005 artificium.
521 2941 633 3006 Inserti
656 2949 729 3007 sunt
751 2942 810 3007 loci
834 2965 1026 3021 communes,
1050 2965 1126 3027 quos
1142 2943 1186 3007 in·

181 3067 229 3122 ter
258 3060 370 3123 eminet
399 3059 501 3124 hicce:
534 3061 680 3147 optimam
704 3085 769 3126 esse
792 3061 944 3126 civitatem
967 3063 1000 3126 in
1023 3084 1084 3146 qua
1102 3061 1185 3140 νόμος

182 3176 223 3241 sit
255 3177 397 3254 βασιλεὺς
427 3184 482 3256 τῶν
512 3179 674 3258 ἀνθρώπων,
704 3180 774 3244 ἀλλ’
803 3183 853 3245 οὐκ
884 3178 1020 3261 ἄοίρωσοι
1059 3179 1185 3260 triparcos

182 3296 283 3374 νόριον.
315 3319 344 3380 p.
370 3298 439 3360 '345
471 3296 498 3360 B
506 3323 515 3376 3
540 3305 570 3362 et
593 3299 647 3382 qui
669 3298 761 3384 paulo
784 3307 854 3384 post
875 3299 1004 3384 legitur:
1029 3299 1134 3380 ,ιιετρίοι
1156 3298 1186 3362 δὲ

183 3415 273 3496 ἡίεῷ
294 3416 424 3498 docaria,
448 3414 571 3494 ι’ίροετρος
595 3416 624 3482 δὲ
647 3421 663 3493 ἡ
686 3425 744 3490 τοῖς
774 3420 946 3499 ἀνθρώποις·
969 3420 1028 3491 debr
1050 3416 1185 3498 δὀὶιίρώ·

183 3557 244 3605 τοις
267 3533 390 3615 σώφροσι
414 3533 514 3612 νόμος,
542 3533 646 3616 ἄφροσι
669 3536 697 3600 δὲ
715 3537 809 3613 ἡδονή.
856 3536 943 3617 Quae
965 3560 1035 3602 vero
1059 3537 1096 3602 de
1120 3537 1185 3623 ipsa

181 3652 365 3737 reipublicae
389 3653 574 3719 ordinandae
595 3654 712 3719 ratione
740 3656 901 3736 dicuntur,
926 3680 961 3721 ea
983 3657 1185 3722 tamobscure

181 3781 212 3834 et
243 3772 367 3835 confuse
398 3773 533 3858 exposita
563 3781 653 3851 sunt,
683 3781 718 3838 ut
741 3774 789 3838 vel
810 3775 882 3840 inde
910 3798 972 3840 non
995 3799 1095 3841 veram
1118 3800 1186 3841 cau·

181 3913 245 3953 sam
268 3891 391 3955 tractari
413 3891 533 3956 efficias.

226 4008 264 4073 ln
294 4009 426 4074 dictione
456 4034 566 4096 magna
595 4011 763 4076 similitudo
787 4021 832 4078 est
854 4036 924 4078 cum
947 4014 1086 4099 Epistola
1108 4015 1182 4080 VII.

182 4126 254 4192 Non
283 4128 374 4192 modo
405 4128 502 4196 simile
534 4139 579 4195 est
605 4132 765 4198 verborum
788 4141 818 4198 et
841 4136 1059 4202 sententiarum
1081 4135 1182 4200 Plato·
