2746 4950
664 332 724 392 lta

189 541 241 605 alii
264 539 387 624 quidam
410 539 493 602 docti
515 538 554 601 ad
569 537 750 623 Dionysium
766 539 882 603 venisse
897 538 1062 620 dicuntur,
1081 550 1118 605 ut
1133 541 1203 605 Pla·

189 660 269 724 tonis
303 658 527 744 philosophiam
561 680 597 720 ex
632 679 667 720 eo
701 665 932 741 cognoscerent,
971 681 1074 743 quum
1108 660 1202 725 Plato

188 779 253 864 ipse
264 779 327 863 jam
342 785 430 840 antea
444 774 609 839 Tarentum
625 775 776 860 profectus
791 798 861 840 cum
876 776 1011 862 Archyta
1023 777 1200 864 hospitium

188 898 305 961 iniisset
341 899 382 981 (p.
415 898 478 960 338
511 893 556 978 C).
588 893 719 957 Videtur
743 895 800 958 hoc
823 917 888 960 esse
919 906 1132 961 commentum
1162 897 1200 961 ad

188 1015 362 1079 Platonicae
385 1013 551 1098 sapientiae
574 1011 804 1076 admirationem
828 1013 997 1098 augendam
1020 1014 1199 1080 inventum.

232 1133 325 1214 Quod
348 1132 386 1196 ad
409 1131 600 1194 Heraclidem
617 1132 742 1209 attinet,
759 1154 795 1194 ex
811 1131 981 1213 historicis,
999 1131 1036 1196 Ο.
1055 1132 1199 1220 Nepote,

188 1252 340 1330 Diodoro,
372 1251 537 1315 Plutarcho
568 1251 637 1334 (loc.
667 1250 751 1315 laud.
783 1274 812 1336 p.
840 1254 900 1314 140
925 1255 1002 1337 not.)
1009 1301 1019 1330 ,
1053 1255 1199 1318 novimus

187 1394 256 1434 eum
280 1371 418 1454 Dionysii
439 1370 578 1453 equitum
596 1369 781 1454 praefectum
800 1370 892 1434 luisse
916 1379 946 1434 et
965 1370 1084 1436 abhoc
1101 1374 1200 1458 patria

187 1491 310 1576 pulsum
334 1489 515 1553 Corinthum
540 1489 717 1574 perfugisse.
753 1488 823 1568 Quo
847 1497 982 1573 tempore
998 1496 1028 1552 et
1045 1513 1143 1574 quam
1160 1490 1198 1554 ob

187 1632 308 1673 cansam
336 1609 507 1691 aufugerit,
531 1632 567 1671 ex
591 1608 718 1693 epistola
742 1607 896 1671 discimus.
944 1607 1056 1693 Neque
1082 1611 1197 1675 crimen

187 1728 269 1812 quod
303 1729 330 1791 ei
364 1728 534 1811 imputatur
568 1726 766 1811 improbabile
793 1734 846 1790 est.
893 1726 966 1790 Fuit
994 1728 1078 1792 enim
1104 1730 1209 1807 Hera--

185 1847 277 1911 clides
302 1847 392 1909 homo
416 1854 576 1923 strennue,
601 1846 653 1908 sed
676 1846 832 1929 inquietus
855 1852 886 1909 et
908 1845 1110 1925 ambitiosus,
1136 1871 1197 1912 non

185 1966 279 2048 magis
312 1964 411 2026 socius
437 1964 542 2026 Dionis
573 1987 664 2048 quarn
689 1965 826 2028 aemulus
834 1991 843 2041 ;
868 1965 921 2047 qui
944 1973 1113 2048 postquam
1138 1967 1197 2029 Dio

185 2083 299 2146 bellum
323 2083 466 2146 adversus
489 2082 671 2166 Dionysium
695 2106 798 2167 parare
819 2084 936 2169 coepit,
961 2083 998 2146 ab
1022 2105 1058 2145 eo
1085 2085 1197 2149 defecit

185 2209 214 2264 et
238 2202 329 2287 paulo
352 2210 421 2285 post
444 2223 499 2264 suo
523 2201 639 2277 Marte,
663 2201 827 2277 Ξδιέστολος,
852 2206 887 2264 ut
910 2200 983 2263 dicit
1005 2199 1196 2266 Plutarchus

184 2343 209 2383 c.
257 2322 317 2397 32,
354 2320 423 2383 navi
454 2319 615 2404 Syracusas
646 2319 798 2404 profectus
830 2326 884 2381 est.
937 2317 987 2382 lbi
1023 2341 1088 2381 una
1124 2342 1195 2383 cum

184 2417 339 2502 Theodoto
375 2438 466 2502 Dioni
501 2437 680 2501 obtrectavit
715 2448 745 2500 ct
779 2437 816 2500 de
847 2437 1019 2522 principatu
1050 2459 1128 2502 cum
1159 2461 1194 2501 eo

183 2559 324 2635 certavit,
360 2557 555 2640 quamobrem
590 2564 741 2641 postremo
772 2556 864 2641 hujus
891 2557 980 2641 jussu
1010 2555 1194 2620 interfectus

183 2685 228 2741 est
251 2678 288 2760 (c.
315 2679 402 2761 53).⁴

228 2796 274 2858 De
297 2803 429 2858 extremo
452 2802 586 2878 tempore
610 2817 627 2856 a
650 2792 776 2856 Platone
800 2791 955 2877 Syracusis
977 2801 1044 2856 acto
1067 2793 1105 2857 in·
1121 2793 1193 2880 Epi-

182 2916 259 2978 stola
275 2914 338 2977 VIl
362 2914 508 2997 legimus,
534 2920 603 2998 post
622 2914 758 2998 jurgium
783 2913 820 2975 de
844 2912 1190 2978 Heraclide-Platonem

182 3057 218 3096 ex
238 3056 304 3096 arce
324 3033 467 3096 emissum
487 3055 552 3094 esse
573 3040 603 3094 et
626 3031 663 3094 ab
685 3031 741 3094 hoc
765 3030 835 3094 inde
862 3038 997 3115 tempore
1019 3031 1048 3093 ei
1064 3032 1191 3097 nullum

181 3153 239 3215 uisi
266 3174 318 3236 per
341 3152 469 3214 nuncios
493 3173 561 3214 cum
585 3150 733 3234 Dionysio
757 3150 849 3213 fuisse
873 3149 1098 3214 commercium.
1150 3154 1192 3216 At

180 3273 211 3335 in
236 3269 373 3354 Epistola
396 3269 447 3332 ΙΙΙ
463 3269 575 3352 legitur
590 3268 818 3332 narratiuncula
834 3269 871 3332 de
887 3268 981 3331 altero
994 3269 1100 3353 jurgio
1119 3280 1191 3355 post

180 3390 256 3453 illud
287 3397 407 3473 tempus
429 3388 508 3451 inter
531 3387 635 3451 ambos
658 3395 742 3465 ortu,
762 3386 971 3472 praesentibus
994 3387 1192 3473 Archedemo

181 3517 211 3571 et
245 3508 443 3583 Aristocrito,
467 3509 496 3570 ἐν
518 3509 558 3586 τῷ
580 3507 679 3586 κήπῳ,
704 3506 734 3569 h.
759 3529 784 3570 e.
808 3506 841 3568 in
864 3504 953 3567 horto
982 3505 1103 3588 regiae,
1135 3508 1191 3574 ubi

180 3633 268 3689 antea
290 3626 426 3689 habitare
448 3633 625 3701 consuerat,
650 3632 680 3688 et
703 3625 825 3709 quidem
849 3623 958 3708 viginti
981 3614 1042 3687 fere
1059 3625 1191 3706 diebus,

179 3751 215 3807 ut
245 3744 335 3821 dicit,
368 3751 436 3807 aute
460 3743 597 3806 Platonis
621 3741 785 3807 discessum
809 3743 850 3826 (p.
875 3745 938 3804 319
964 3742 1013 3825 A).
1063 3741 1190 3822 Quodsi

179 3871 354 3946 reputamus
382 3883 458 3944 quae
481 3861 562 3925 intra
587 3868 707 3944 tempus
731 3882 749 3922 a
776 3859 911 3923 Platonis
938 3860 1128 3942 relegatione
1154 3887 1192 3929 ex

179 3981 309 4065 acropoli
333 4003 429 4063 usque
453 3978 491 4042 ad
514 3979 679 4042 discessum
703 4001 718 4040 e
741 3977 843 4041 Sicilia
859 3986 925 4041 acta
941 4000 1004 4040 esse
1020 3990 1192 4047 narrantur

178 4100 209 4163 iu
234 4099 330 4184 Epist.
356 4099 436 4177 VH,
460 4122 488 4182 p.
513 4101 575 4160 350
593 4099 621 4160 A
637 4098 678 4175 B,
700 4097 874 4174 latendum,
888 4097 1011 4182 opinor,
1025 4120 1059 4160 ea
1073 4100 1191 4183 viginti
