2746 4950
652 351 710 410 151

181 556 283 638 (quem
313 554 414 619 locum
436 577 506 618 mox
529 555 736 640 tractabimus)
770 565 895 643 apparet
922 557 1127 643 Hipparinum
1150 581 1197 622 eo*

115 700 120 723 ι
182 681 316 756 tempore
341 692 469 757 puerum
491 674 585 737 fuisse
608 675 657 737 vix
680 681 795 760 septem
818 698 983 758 annorum,
1008 685 1044 741 ut
1064 676 1186 742 demon·

183 791 288 854 stravit
311 790 453 854 Salomon
477 791 606 874 (dissert.
631 792 714 856 laud.
732 816 761 877 p.
781 796 850 877 13);
874 792 1014 878 Nysaeus
1030 802 1130 860 autem
1146 819 1184 858 ne

183 909 260 972 hano
280 910 405 994 quidem
427 917 556 974 aetatem
580 911 731 995 attigerat.
768 911 852 991 Quid
876 920 979 977 autem
1002 916 1104 998 pueris
1127 915 1192 1002 ista,

183 1035 279 1092 aetate
303 1051 373 1092 oum
395 1023 610 1114 philosophia?
633 1038 686 1093 aut
709 1053 801 1114 quam
824 1031 884 1095 vim
908 1031 944 1096 ad
968 1032 1108 1116 Dionysii
1123 1034 1185 1096 ani·

184 1168 266 1210 mum
293 1146 477 1210 movendum
501 1147 642 1212 habuisse
665 1148 795 1232 putandi
817 1149 908 1212 sunt?

226 1264 264 1328 In
287 1266 496 1350 turpissimum
520 1288 590 1330 vero
614 1289 743 1331 errorem
759 1267 868 1331 incidit
888 1269 1015 1352 scriptor
1030 1268 1185 1353 Epistolae

183 1383 280 1462 VIII,
317 1384 371 1468 qui
401 1385 509 1448 Dionis
536 1385 632 1449 filium
664 1386 782 1451 dudum
813 1395 883 1450 ante
913 1388 974 1451 vita
1007 1387 1184 1453 defunctum

182 1511 396 1567 commemorat
427 1505 513 1587 quasi
544 1503 644 1569 adhuc
671 1505 704 1568 in
727 1505 803 1569 vivis
827 1515 913 1569 esset.
961 1506 1099 1571 Eundem
1124 1507 1185 1592 lap·

183 1645 250 1685 sum
280 1622 313 1685 in
341 1622 462 1686 exordio
494 1622 649 1708 Epistolae
673 1622 737 1688 VII
766 1624 908 1688 nonnulli
930 1624 1185 1709 deprenhendisse

182 1740 240 1804 sibi
270 1739 327 1805 visi
356 1749 445 1819 sunt,
475 1764 569 1826 quare
592 1743 723 1826 primum
747 1743 829 1806 hunc
855 1743 957 1807 locum
985 1750 1113 1818 tractare
1136 1745 1184 1830 ju·
1252 1797 1256 1804 .

181 1867 244 1941 vat,
275 1881 336 1943 quo
366 1858 519 1923 illustrato
550 1859 589 1923 de
619 1859 743 1923 alterius
775 1881 874 1924 errore
905 1861 937 1924 in
961 1870 1105 1945 promptu
1128 1861 1185 1925 erit

177 1977 324 2063 judicare.

226 2215 320 2280 Initio
343 2213 500 2302 Epistolac
523 2213 587 2279 VH
609 2214 697 2278 Plato
728 2214 887 2300 deprimo
917 2237 973 2279 suo
996 2215 1130 2279 adventu
1152 2216 1185 2278 in

181 2335 316 2400 Siciliam
338 2343 484 2420 regnante
506 2335 654 2420 Dionysio
677 2336 790 2399 maiore
812 2335 958 2418 loquenS,
989 2334 1064 2398 haee
1087 2333 1183 2398 dicit:

182 2452 230 2520 ὅτε
252 2455 310 2534 γὰρ
333 2457 401 2518 κατ’
423 2455 521 2535 οίρχίος
552 2454 592 2526 είς
622 2455 809 2533 Συρακούσαις
841 2455 898 2530 ἐγὼ
921 2453 1086 2534 ἀφικόμην,
1112 2476 1185 2532 σχε-

181 2575 226 2639 δὸν
257 2573 306 2648 tan
337 2572 556 2652 τετταροίκοντοο
586 2573 729 2649 γεγονὼς,
754 2572 828 2637 Δίων
852 2567 918 2652 εἶχε
940 2572 991 2645 τὴν
1015 2572 1129 2645 ἡλικίαν
1152 2565 1185 2647 ἣν

182 2693 223 2757 τοὶ
246 2698 292 2757 νῦν
315 2694 477 2772 Ἱππαρῖνος
500 2693 620 2774 γέγονε,
643 2690 693 2755 καί
716 2687 748 2766 ἣν
771 2691 845 2771 ἔσχε
866 2691 934 2755 τότε
957 2690 1051 2766 δόξαν,
1074 2690 1186 2765 ταύτην

181 2813 231 2876 καί
255 2811 412 2877 διετέλεσεν
434 2810 511 2891 ἔχων
518 2861 527 2893 ,
552 2812 758 2891 Συρακουσίους
780 2812 884 2876 οίεσίαο
907 2812 962 2875 δεῖν
978 2811 1134 2892 ἐλευθέρους
1150 2801 1187 2874 εί-

182 2955 243 3009 ναο,
267 2931 348 2995 κατὰ
370 2927 470 3007 νόμους
498 2933 564 3002 τοὺς
586 2931 718 3010 οίρίστους
741 2932 903 3002 οἰκοῦντας·
927 2927 1000 2993 ίίστε
1023 2929 1099 2993 οὐδὲν
1122 2929 1187 2993 ίαυ-

182 3049 313 3126 μαστὸν,
337 3048 365 3114 εί
391 3073 436 3120 τις
464 3050 532 3113 θεῶν
561 3049 610 3112 καὶ
641 3054 737 3113 τοῦτον
766 3050 806 3118 είς
829 3049 881 3122 τὴν
903 3048 994 3121 αὐτὴν
1017 3045 1101 3121 δόξαν
1124 3045 1186 3127 περ)

183 3170 333 3239 πολιτείας
361 3171 453 3244 ἐκείνῃ)
476 3168 607 3245 γενέσθαι
630 3165 782 3249 ξύμφωνον
806 3167 938 3240 ποιήσειε.
962 3165 993 3229 h.
1018 3188 1043 3229 e.
1067 3187 1187 3249 „quum

184 3289 315 3373 primum
346 3287 508 3372 Syracusas
535 3288 700 3364 venissem,
725 3308 820 3350 annos
843 3285 963 3350 circiter
985 3284 1187 3370 quadragmta

183 3415 290 3484 natus,
319 3407 379 3470 Dio
403 3428 437 3469 ea
459 3413 524 3469 erat
546 3413 643 3470 aetate
666 3428 728 3490 qua
748 3427 832 3470 nunc
855 3412 900 3469 est
924 3404 1131 3490 Hipparinus,
1157 3411 1187 3467 et

184 3548 276 3612 quam
298 3527 350 3590 ille
372 3535 446 3590 tunc
461 3524 592 3591 habebat
608 3526 805 3602 sententiam,
822 3525 854 3588 in
871 3547 906 3588 ea
917 3524 1133 3609 perseveravit,
1152 3529 1188 3585 ut
1254 3558 1256 3561 ·

184 3646 388 3731 Syracusanos
408 3645 518 3710 liberos
539 3668 603 3709 esse
622 3644 731 3710 debere
754 3653 905 3722 censeret,
930 3643 1053 3728 optimis
1068 3641 1187 3726 legibus

185 3773 305 3830 utentes
311 3792 321 3843 3
346 3787 438 3849 quare
461 3765 572 3828 mirum
601 3772 740 3842 nonest,
758 3765 783 3827 si
799 3764 875 3828 <leus
891 3763 1001 3847 aliquis
1018 3761 1099 3825 hunc
1116 3784 1189 3845 quo-

185 3907 245 3969 que
267 3884 496 3971 (Hipparinum)
519 3884 551 3947 in
575 3882 679 3947 eadem
702 3883 741 3947 de
763 3882 919 3969 republica
941 3881 1099 3946 voluntate
1120 3902 1187 3943 cum

184 4003 238 4067 illo
258 4003 495 4067 consentientem
511 4002 632 4066 faciat.'’
658 4003 797 4067 Fuerunt
813 4009 913 4066 autem
930 4001 992 4065 duo
1008 3999 1185 4084 Hipparini:

186 4123 262 4187 alter
279 4123 389 4187 Dionis
412 4121 494 4184 filius
517 4144 553 4185 ex
576 4122 684 4199 Aiete,
708 4122 817 4206 prioris
841 4119 980 4205 Dionysii
1003 4119 1079 4196 filia,
1096 4129 1186 4182 natus
