2746 4950
662 328 723 391 178

186 538 324 601 metriam
355 536 483 600 Athenis
512 536 556 599 ita
578 535 747 620 neglectam
768 535 863 599 luisse
890 542 926 599 ut
949 496 1117 620 propterea
1140 535 1194 619 Cy·

186 679 276 720 renen
308 657 437 740 migrare
466 678 586 720 necesse
607 663 702 733 esset3
730 657 795 740 ipse
822 655 1000 719 Theodorus
1029 662 1194 739 antequam

184 775 259 839 illuc
294 775 467 839 habitatum
498 775 606 852 cessit,
638 776 768 839 Athenis
798 774 876 838 hano
907 781 1001 838 artem
1034 774 1195 838 tradidisse

184 893 369 978 perhibetur.
408 892 480 957 Vid.
504 892 661 956 Hermann
684 887 822 977 p.'110,
846 899 910 956 not.
930 895 1004 957 101.

227 1128 374 1193 Itinera
396 1129 432 1193 in
456 1128 614 1193 Italiam.
647 1129 820 1193 Secundum
840 1128 1010 1214 Epistolam
1024 1129 1117 1193 Plato
1134 1131 1191 1215 pri-

182 1269 266 1311 mum
283 1248 435 1331 profectus
459 1254 504 1311 est
525 1247 558 1310 iu
581 1247 719 1326 Italiam,
737 1270 797 1332 quo
814 1255 948 1332 tempore
960 1249 1080 1332 patriae
1093 1272 1192 1313 mores

183 1376 338 1451 pertaesus
369 1366 625 1451 quadragenarius
650 1367 786 1430 Athenas
809 1367 934 1451 reliquit
940 1393 950 1444 ;
976 1367 1051 1431 hino
1074 1368 1194 1452 trajecit

181 1485 214 1547 in
229 1483 363 1548 Siciliam
385 1484 454 1569 (Ep.
471 1483 551 1562 VII,
568 1507 597 1569 p.
623 1487 686 1547 326
703 1484 739 1548 B.
755 1485 777 1569 l)
800 1484 917 1548 Iterum
932 1485 965 1548 iu
981 1483 1108 1549 Italiam
1127 1508 1193 1550 oon·

183 1602 298 1680 tendit,
315 1625 411 1686 quum
422 1603 460 1666 ab
473 1603 567 1666 altera
579 1602 764 1687 profectione
773 1603 805 1665 in
814 1602 947 1666 Siciliam
957 1602 1086 1667 domum
1098 1627 1194 1668 rever·

181 1727 311 1799 teretur,
333 1743 393 1805 qua
416 1720 572 1786 occasione
594 1721 761 1784 'Parentum
783 1720 940 1785 divertisse
963 1721 1072 1806 ibique
1092 1723 1193 1786 amici-

181 1842 255 1905 tiam
280 1841 418 1926 y‘uuxisse
441 1840 553 1904 dicitur
576 1863 645 1905 cum
669 1841 804 1925 Archyta
827 1840 954 1924 aliisque
978 1840 1192 1926 Pythagoreis.

181 1960 261 2025 Ibid.
280 1984 309 2045 p.
338 1962 401 2023 338
426 1958 467 2022 O:
500 1961 557 2037 ἐγὼ
580 1960 639 2038 γὰρ
662 1961 726 2039 πρὶν
747 1959 862 2025 οέπιένιιι
884 1959 980 2036 ξενίοιν
1009 1961 1062 2025 καὶ
1088 1963 1192 2042 Φιλῖνον

180 2079 312 2160 Ἀρχύτῃ
332 2079 381 2144 axi
400 2086 459 2151 τοῖς
482 2081 512 2144 ἐν
533 2077 663 2158 Τοὶροιντι
682 2080 730 2143 acal
744 2079 878 2158 Διονυσίῳ
890 2079 1011 2154 ποιήσοις
1023 2081 1191 2146 ἀπέπλεον.

129 2267 131 2272 ,
181 2197 260 2262 Cum
283 2197 331 2261 his
355 2197 444 2261 dictis
460 2198 678 2261 contendamus
694 2220 772 2282 quae
788 2197 879 2261 ceteri
895 2197 1059 2282 scriptores
1077 2199 1117 2263 de
1134 2200 1191 2262 hoc

180 2316 289 2380 itinere
312 2322 482 2380 narrarunt.

224 2433 343 2520 Nepos,
368 2435 459 2498 Dion.
483 2457 509 2498 o.
535 2437 569 2510 2,
594 2434 699 2498 scribit
713 2433 871 2498 Platonem
886 2435 919 2498 iu
934 2433 1059 2498 Italiam
1075 2436 1192 2520 profec-

180 2558 247 2617 tum
270 2553 436 2618 Tarentum
458 2554 592 2632 venisse,
616 2554 687 2619 inde
711 2555 887 2618 arcessitum
911 2554 1044 2618 aDione
1062 2554 1191 2640 Syracu·

180 2695 228 2735 sas
258 2674 422 2736 transiisse.
469 2672 574 2737 Cicero
605 2696 728 2757 quoque
757 2673 832 2737 locis
864 2696 956 2758 supra
985 2673 1124 2738 laudatis
1149 2678 1190 2760 (p.

182 2792 257 2874 167)
281 2790 445 2854 adventum
467 2790 500 2854 in
522 2790 644 2854 Italiam
668 2800 699 2855 et
718 2793 751 2855 in
770 2791 903 2855 Siciliam
926 2792 1089 2876 conjungit
1105 2793 1192 2857 etdi-

180 2917 258 2974 serte
281 2917 411 2974 testatur
434 2933 502 2974 eum
527 2910 693 2975 Tarentum
716 2912 833 2975 venisse
856 2918 914 2989 „ut
934 2910 1129 2996 Pythagorae
1147 2912 1191 2976 iu-

179 3035 270 3092 venta
300 3028 500 3112 perdisceret,
533 3051 663 3113 eumque
694 3036 724 3093 et
755 3052 825 3093 cum
855 3004 990 3113 Archyta
1019 3028 1190 3095 Tarentino

180 3152 209 3210 et
241 3169 311 3210 eum
337 3146 460 3210 Timaeo
494 3145 592 3211 Locro
623 3148 757 3212 multum
779 3147 873 3211 fuisse
897 3154 928 3210 et
949 3146 1085 3212 Philolai
1109 3171 1190 3212 oom-

179 3266 341 3329 mcntarios
365 3288 429 3329 esse
452 3272 593 3343 nactum3
618 3288 774 3350 quumque
794 3288 828 3330 eo
848 3272 982 3350 tempore
997 3265 1030 3328 in
1045 3265 1098 3330 his
1114 3267 1190 3332 locis

179 3382 369 3468 Pythagorae
392 3405 503 3448 nomen
527 3385 656 3468 vigeret,
680 3384 767 3448 illum
791 3407 823 3448 se
838 3384 868 3447 tt
883 3383 1060 3447 hominibus
1076 3384 1191 3471 Pytha-

178 3502 276 3585 goreis
307 3509 337 3566 et
367 3502 477 3566 studiis
508 3502 571 3566 illis
601 3502 750 3567 dedisse.”
811 3501 984 3566 Secundum
1015 3503 1190 3586 Apuleium

177 3621 281 3704 (supra
304 3643 334 3704 p.
361 3623 435 3706 165)
459 3621 505 3684 bis
528 3621 682 3705 profectus
706 3628 752 3685 est
774 3621 807 3684 in
829 3619 951 3684 Italiam
973 3626 1010 3683 nt
1032 3619 1191 3708 Pythago-

180 3796 370 3808 n——n-—n

209 3917 234 3978 1)
253 3918 332 3968 Etiam
355 3919 498 3969 Plutarchus
519 3920 577 3969 dicit
601 3921 725 3970 Platonem
743 3926 774 3981 ἐξ
798 3921 927 3980 Ἰταλιας
943 3927 975 3988 als
992 3927 1189 3989 Συρακώσαςνο·

176 4011 249 4071 uiare3
266 4015 307 4063 sed
324 4015 393 4094 huius
410 4015 541 4063 testimonii
558 4017 620 4066 ratio
636 4017 742 4066 habenda
759 4035 806 4066 nou
824 4023 872 4076 est,
890 4018 946 4082 quia
962 4022 1087 4068 auctorem
1107 4022 1188 4086 aequi·

175 4112 216 4158 tar
233 4109 372 4173 Epistulam.
407 4110 461 4160 vid.
479 4111 530 4159 vit.
547 4112 620 4161 Dion.
637 4129 658 4162 ο.
676 4116 699 4162 4.
