2746 4950
659 330 719 393 178

183 540 321 604 metriam
351 538 480 602 Athenis
509 539 553 602 ita
575 537 743 621 neglectam
765 537 859 601 fuisse
886 543 922 601 ut
945 545 1115 622 propterea
1137 535 1188 620 Cy·

182 682 272 724 renen
305 659 433 743 migrare
463 680 583 722 necesse
604 666 699 735 esset;
726 659 792 743 ipse
818 656 998 721 Theodorus
1026 663 1189 741 antequam

181 778 255 842 illuc
291 777 462 841 habitatum
495 777 603 854 cessit,
635 778 765 841 Athenis
795 776 872 840 hanc
903 782 999 840 artem
1031 775 1190 839 tradidisse

180 894 366 980 perhibetur.
405 894 476 959 Vid.
501 894 658 959 Hermann
681 917 711 978 p.
729 890 819 972 110,
842 902 906 958 not.
926 896 1003 957 101.

224 1131 371 1195 Itinera
393 1132 428 1195 in
452 1130 611 1195 Italiam.
643 1130 816 1195 Secundum
836 1129 1008 1215 Epistolam
1022 1131 1115 1195 Plato
1132 1133 1187 1217 pri·

179 1272 263 1312 mum
279 1250 432 1334 profectus
456 1257 501 1313 est
522 1249 554 1313 in
578 1249 716 1327 Italiam,
734 1272 794 1334 quo
810 1257 945 1334 tempore
956 1250 1079 1334 patriae
1092 1273 1187 1314 mores

179 1378 335 1453 pertaesus
365 1368 622 1453 quadragenarius
646 1368 783 1433 Athenas
806 1368 930 1453 reliquit
937 1394 946 1446 3
972 1368 1048 1433 hinc
1072 1369 1190 1456 trajecit

178 1487 211 1549 in
225 1485 359 1550 Siciliam
382 1486 450 1571 (Ep.
467 1485 547 1564 VH,
564 1509 594 1571 p.
619 1489 682 1550 326
700 1486 735 1550 B.
751 1487 774 1570 ¹)
797 1485 913 1550 Iterum
928 1486 961 1549 in
977 1484 1107 1552 Italiam
1125 1510 1188 1551 con·

180 1603 294 1683 tendit,
311 1626 407 1688 quum
419 1604 457 1668 ab
469 1605 563 1668 altera
576 1604 760 1689 profectione
769 1605 801 1666 in
810 1603 944 1668 Siciliam
953 1604 1084 1670 domum
1097 1629 1189 1670 rever·

177 1730 308 1801 teretur,
329 1745 390 1806 qua
412 1723 569 1787 occasione
591 1723 756 1787 Tarentum
780 1722 936 1787 divertisse
960 1723 1069 1808 ibique
1090 1725 1189 1788 amici·

178 1844 252 1907 tiam
277 1843 414 1928 junxisse
437 1842 550 1907 dicitnr
572 1865 642 1907 cum
665 1843 800 1927 Archyta
823 1841 951 1926 aliisque
975 1842 1188 1928 Pythagoreis.

177 1962 257 2026 Ibid.
276 1985 305 2047 p.
334 1964 397 2025 338
422 1960 464 2025 C:
496 1964 553 2039 ἐγὼ
576 1962 635 2040 γὰρ
659 1963 722 2041 πρὶν
744 1961 858 2027 ἀπιέναι
880 1960 977 2038 ξενίων
1007 1963 1059 2028 καὶ
1084 1964 1188 2044 φιλίαν

176 2080 308 2162 Ἀρχύτῃ
329 2081 378 2145 xx}
397 2088 456 2153 τοῖς
478 2083 508 2146 ἐν
529 2079 659 2159 Τάραντι
679 2081 726 2146 καὶ
741 2081 874 2161 Διονυσίῳ
886 2080 1009 2156 ποιήσας
1021 2082 1185 2148 ἀπέπλεον.

125 2270 127 2274 ,
178 2198 257 2264 (lum
280 2199 327 2263 his
351 2200 440 2263 dietis
456 2199 674 2263 contendamus
691 2222 768 2284 quae
784 2199 875 2264 ceteri
892 2200 1056 2284 scriptores
1074 2200 1114 2266 de
1131 2202 1186 2265 hoc

177 2318 285 2382 itinere
308 2324 479 2383 narrarunt.

221 2435 325 2521 Nepos
330 2486 339 2515 ‚
364 2436 455 2501 Dion.
479 2458 505 2501 o.
531 2439 565 2512 2,
590 2436 695 2500 scribit
709 2435 868 2500 Platonem
882 2436 915 2501 in
931 2435 1056 2500 Italiam
1072 2439 1188 2522 profec-

176 2562 243 2617 tum
266 2555 431 2619 'Parentum
454 2556 588 2634 venisse,
613 2556 684 2620 inde
707 2557 884 2620 arcessitum
907 2556 1042 2621 aDione
1058 2557 1186 2642 Syracu·

176 2697 224 2737 sas
254 2675 419 2739 transiisse.
466 2673 570 2739 Cicero
602 2698 724 2760 quoque
754 2676 828 2739 locis
860 2698 953 2760 supra
982 2674 1121 2740 laudatis
1146 2679 1185 2762 (p.

178 2793 253 2875 167)
278 2791 441 2857 adventum
464 2793 496 2857 in
519 2792 639 2856 Italiam
665 2801 695 2857 et
715 2794 747 2857 in
766 2793 900 2857 Siciliam
923 2794 1086 2879 conjungit
1101 2802 1134 2859 et
1146 2795 1187 2858 di-

176 2919 255 2975 serte
277 2919 407 2976 testatur
430 2935 499 2976 eum
523 2912 689 2977 Tarentum
712 2914 829 2976 venisse
852 2920 910 3010 „ut
929 2912 1126 2997 Pythagorae
1143 2915 1186 2978 in-

175 3037 266 3094 venta
296 3030 496 3114 perdisceret,
529 3053 659 3116 eumque
690 3039 720 3095 11
751 3054 821 3095 cum
851 3031 986 3115 Archyta
1014 3030 1186 3097 Tarentino

176 3154 206 3211 et
237 3170 307 3212 cum
334 3148 456 3213 Timaeo
490 3148 588 3212 Locro
619 3149 753 3213 multum
776 3149 869 3213 fuisse
893 3156 924 3212 11
945 3148 1081 3213 Philolai
1105 3172 1185 3214 com·

175 3268 338 3330 menterios
361 3290 425 3331 esse
448 3274 571 3331 nactum
580 3294 589 3345 3
614 3289 771 3353 quumque
790 3290 825 3331 eo
844 3274 978 3352 tempore
992 3267 1026 3330 in
1042 3268 1094 3332 his
1109 3268 1185 3334 locis

175 3383 364 3470 Pythagorae
388 3407 498 3450 nomen
523 3387 652 3470 vigeret,
676 3386 763 3450 illum
788 3409 819 3450 se
835 3387 865 3449 tt
879 3384 1057 3450 hominibus
1072 3386 1187 3472 Pytha·

174 3504 272 3586 goreis
303 3511 333 3567 et
363 3504 473 3568 studiis
504 3503 566 3568 illis
597 3504 746 3568 dedisse.”
806 3502 980 3568 Secundum
1011 3504 1184 3588 Apuleium

173 3623 277 3706 (supra
301 3644 330 3706 p.
357 3624 432 3707 165)
454 3622 501 3687 bis
525 3623 678 3708 profectus
703 3631 748 3687 est
770 3623 803 3686 in
825 3621 946 3686 Italiam
969 3627 1006 3684 ut
1028 3621 1186 3709 Pythago-

176 3797 366 3809 -——

205 3919 230 3980 1)
248 3919 328 3969 Etiam
351 3921 493 3970 Plutarchus
515 3922 573 3971 dicit
597 3923 721 3972 Platonem
739 3928 769 3983 ἐξ
794 3923 923 3982 Ἰταλίας
939 3929 970 3990 alr
989 3928 1183 3992 Συρακώσαςνε·

172 4013 245 4073 nisse3
262 4016 302 4064 sed
320 4016 389 4095 huius
406 4017 537 4065 testimonii
553 4019 615 4067 ratio
632 4019 738 4068 habenda
755 4037 801 4068 nou
820 4026 868 4079 est,
886 4019 942 4085 quia
958 4024 1082 4070 auctorem
1101 4022 1181 4086 sequi·

171 4113 212 4159 tur
228 4111 368 4175 hlpirtolam.
403 4112 456 4162 vid.
474 4112 525 4162 vit.
542 4114 615 4163 Dion.
633 4131 654 4164 1.
672 4119 695 4164 4.
