2746 4950
649 359 711 419 118

177 590 274 651 quum
304 566 433 630 Socratis
465 576 654 630 accusatores
684 548 829 628 dicuntur
859 563 1079 634 δυναστεύοντές
1104 588 1189 634 τινες.

177 684 252 762 Sed,
276 697 312 748 ut
329 688 392 770 jam
414 694 503 748 antea
519 684 649 749 vidimus
666 687 706 767 (p.
725 687 796 768 48),
812 705 977 767 pronomen
990 682 1051 746 hoc
1068 705 1085 746 a
1099 684 1190 766 scrip

176 816 241 869 1010
271 814 374 869 nostro
402 828 490 889 saepe
517 804 655 868 affectato
679 803 845 888 elegantiae
865 801 966 865 studio
987 801 1190 866 inculcatum.

177 923 298 987 Deinde
319 924 389 986 'illos
412 923 457 986 LI
480 924 523 986 sic
547 923 726 1006 distinguit:
750 924 772 985 οἱ
796 902 949 1001 τριιῖιαντα
965 929 1054 984 erant
1070 918 1192 984 πάντων

177 1041 318 1122 ἄρχοντες
341 1041 555 1121 αὐτοκράτορες.
591 1039 659 1104 Hoc
683 1039 806 1123 quidem
830 1045 946 1102 notum.
982 1037 1043 1101 His
1061 1037 1194 1123 subjecti

176 1159 276 1225 ἕνδεκα
308 1159 364 1222 viri
396 1159 429 1222 in
464 1158 552 1236 urbe,
584 1158 653 1221 δέκα
676 1158 708 1220 in
733 1157 857 1234 Piraeo;
882 1156 991 1220 horum
1010 1156 1050 1220 de
1066 1180 1195 1221 munere

178 1301 256 1362 quae
288 1277 374 1341 addit
397 1276 556 1341 obscurius
580 1276 661 1340 dicta
684 1277 726 1339 sic
750 1275 927 1360 explicanda
950 1283 1041 1339 sunt:
1067 1277 1195 1357 ἑκάτερα

178 1398 284 1462 τούτων
307 1396 408 1480 (ὄντες)
431 1396 496 1474 περί
517 1398 546 1460 τ’
559 1395 668 1476 carpta
691 1394 740 1458 καὶ
764 1393 819 1457 ὅσα
841 1395 869 1458 ἐν
888 1401 947 1466 τοῖς
963 1393 1070 1460 ἄστεσι
1087 1395 1196 1461 διοικεῖν

178 1515 248 1592 ἔδει,
281 1514 312 1577 h.
338 1537 363 1577 0.
387 1513 536 1597 „utrique
559 1519 723 1576 tractantes
747 1535 794 1576 res
818 1513 950 1575 forenses
966 1519 996 1574 et
1012 1513 1150 1576 urbanas
1166 1514 1196 1576 in

179 1631 292 1717 oppido
316 1640 346 1696 et
369 1633 400 1695 in
424 1632 532 1695 Piraeo
543 1631 573 1708 ;’'
597 1630 671 1695 haec
695 1631 775 1694 enim
799 1630 888 1693 ambo
905 1630 1123 1714 significantur
1139 1639 1197 1703 τοῖς

179 1752 300 1829 ἄστεσι,
336 1759 442 1814 contra
471 1773 564 1814 usum
595 1750 787 1826 Atticorum,
823 1772 840 1812 a
870 1748 981 1832 quibus
1012 1772 1136 1834 semper
1166 1750 1198 1815 τὸ

179 1870 256 1934 ἴιστν
280 1870 446 1954 opponitur
465 1875 607 1948 usrpant,
632 1875 668 1931 111
690 1868 721 1931 in
746 1867 873 1931 Platone
897 1866 934 1930 de
957 1866 1031 1952 Bep.
1057 1867 1094 1947 I,
1109 1869 1195 1932 init:

179 1989 317 2065 Κατέβκν
339 1989 409 2068 χθὲς
433 1990 472 2059 εἰς
496 1991 616 2066 Πειραια
636 1987 716 2064 αετιὶ
732 1986 917 2068 Γλαύκωνος,
931 2037 939 2052 .
954 2037 961 2051 .
977 2037 984 2050 .
998 1987 1199 2067 προσευξάμε-

179 2131 216 2171 νσι
239 2109 268 2170 δὲ
292 2106 341 2171 καὶ
365 2109 554 2186 θεωρήσαντες
578 2107 696 2186 ἀπῇμεν
713 2107 780 2184 πρὸς
795 2107 827 2170 τὸ
844 2103 931 2170 ἄστυ.
956 2105 1047 2169 Dect.
1066 2105 1198 2171 Scheibe

179 2225 239 2310 (die
268 2225 423 2309 Oligarch.
459 2224 659 2308 Umualzung
682 2247 720 2287 au
745 2223 865 2300 Athen,
888 2247 917 2307 p.
944 2226 1199 2309 0811111011

179 2344 239 2408 ista
269 2351 412 2428 corrupta
435 2352 524 2429 putat
531 2369 540 2421 3
573 2343 625 2406 sed
655 2343 792 2426 quisquis
817 2343 976 2426 epistolam
1009 2349 1129 2408 attente
1158 2345 1199 2409 le·

181 2463 276 2546 gerit,
301 2461 478 2525 huiusmodi
501 2461 604 2525 sordes
628 2484 690 2525 non
709 2461 879 2525 mirabitur.
925 2459 1018 2541 Quod
1035 2470 1141 2526 autem
1159 2463 1197 2527 ad

181 2603 245 2644 rem
280 2580 407 2658 attinet,
446 2590 645 2665 opponuntur
675 2580 724 2643 hic
756 2579 813 2642 sibi
844 2579 1043 2643 undecimviri
1063 2590 1111 2644 ⁴et
1146 2582 1197 2646 de·

182 2676 305 2762 cemviri
328 2699 387 2776 sic,
413 2699 501 2781 quasi
521 2699 644 2782 utrique
660 2698 765 2762 eodem
782 2720 923 2776 munere,
948 2698 1035 2762 alteri
1049 2699 1082 2762 in
1101 2700 1196 2780 urbe,

183 2817 269 2881 alteri
300 2818 332 2880 in
355 2817 480 2895 Piraeo,
505 2818 604 2881 functi
627 2817 698 2881 sint.
745 2817 840 2900 Atqui
864 2816 920 2879 hos
943 2816 1034 2900 plane
1058 2816 1198 2902 dispares

183 2943 213 2998 01
236 2935 395 2999 dissimiles
412 2937 491 2999 inter
514 2960 551 3004 se,
569 2937 663 2999 fuisse
685 2958 755 2999 cum
779 2958 795 2998 0
810 2957 938 2998 1111111010
954 2934 1057 3019 colligi
1074 2944 1196 3019 potest,

185 3062 253 3117 tum
277 3055 404 3147 historia
427 3055 537 3138 arguit.

228 3173 348 3239 Docent
371 3173 526 3251 historici,
552 3172 734 3256 expugnatis
758 3171 905 3248 Athenis,
922 3170 1073 3255 Lysandri
1090 3173 1199 3237 volun·

184 3299 247 3354 tate
279 3314 296 3353 a
328 3292 441 3375 populo
472 3299 587 3355 creatos
615 3314 678 3354 esse
702 3290 828 3374 triginta
851 3290 929 3353 viros
953 3289 1144 3355 ordinandae
1168 3300 1199 3356 et

185 3409 334 3494 regendae
368 3410 563 3495 reipublicae.
606 3409 748 3493 Xenoplr.
783 3408 865 3471 Hell.
902 3408 953 3486 H,
985 3411 1023 3485 3,
1056 3413 1093 3471 2:
1120 3409 1199 3486 ἔδοξε

106 3550 113 3566 ·
185 3533 224 3610 τῷ
255 3529 334 3608 δήμῳ
356 3528 510 3610 τριάκοντα
533 3527 637 3611 ἄνδρας
657 3529 780 3592 ἑλέσθαι.
816 3527 891 3591 Rem
924 3527 1044 3610 copiose
1076 3538 1200 3594 enarrat

185 3647 291 3730 Lysias
315 3670 341 3710 c.
367 3648 520 3710 Eratosth.
542 3672 571 3733 p.
588 3649 660 3710 126.
696 3646 818 3709 Praeter
840 3646 895 3708 hos
918 3644 1075 3729 Lysander
1091 3646 1199 3712 decem

187 3767 351 3849 praefectos
374 3763 551 3852 praeposuit
577 3767 683 3828 Piraeo
689 3815 698 3843 ,
719 3788 795 3849 quos
812 3787 873 3828 una
891 3764 1037 3828 cumillis
1056 3787 1200 3849 expresse

186 3872 323 3948 nominat
346 3886 547 3962 Plutarchus,
571 3884 642 3970 Lys.
667 3908 692 3948 c.
720 3886 777 3948 15:
802 3885 1030 3963 spectatricem
1054 3883 1198 3964 ἔνι’ἑστει,

187 4003 256 4067 δέκα
280 4004 343 4067 δ’ἐν
366 4012 494 4079 Πειραιεῖ
513 4005 706 4079 καταστήσας
730 4001 887 4082 ἄρχοντας.
933 4002 1046 4064 Decem
1071 4001 1128 4065 hos
1140 4003 1200 4088 Ly·

190 4121 293 4184 sarrdri
324 4121 449 4185 arbitrio
480 4121 521 4185 ibi
553 4122 735 4186 constitutos
766 4143 831 4184 esse
861 4143 896 4184 ex
928 4141 963 4183 eo
990 4140 1113 4205 quoque
1139 4122 1201 4186 col·
