2746 4950
555 1307 749 1402 CAPUT
793 1306 832 1404 V.

484 1618 535 1660 nli
570 1617 794 1662 EPISTOLA
831 1618 899 1662 VIII.

583 1933 795 1976 -οοβοςοω-

231 2221 348 2306 Scripta
374 2221 500 2305 fingitur
522 2220 596 2284 haec
619 2221 747 2305 epistola
769 2244 787 2284 a
810 2220 936 2286 Platone
960 2222 998 2286 ad
1020 2223 1129 2288 Dionis
1153 2225 1193 2288 fa·

183 2341 315 2406 miliaras
339 2347 369 2404 ct
392 2339 501 2417 socios,
526 2360 587 2422 quo
610 2347 745 2424 tempore
767 2339 968 2426 Hipparinus,
984 2342 1105 2406 maioris
1120 2343 1193 2407 Dio·

182 2461 262 2546 nysii
284 2459 383 2538 filius,
408 2458 533 2544 expulso
557 2457 712 2544 Callippo,
728 2458 889 2544 Syracusas
901 2469 1114 2545 occupaverat,
1127 2462 1147 2525 i.
1165 2475 1210 2526 cs
1272 2539 1274 2542 Ι

182 2604 210 2644 a,
242 2603 268 2644 a.
301 2578 335 2644 O.
367 2581 430 2642 353
463 2577 627 2663 (Diodorus
658 2578 678 2642 l.
699 2563 803 2658 XVI,
836 2601 861 2643 c.
894 2581 948 2663 36)
956 2606 965 2658 3
998 2579 1080 2664 quod
1103 2603 1193 2666 appa-

182 2707 230 2765 ret
252 2723 288 2764 cx
310 2699 456 2785 epistolae
478 2697 576 2762 verbis
599 2721 629 2783 p.
654 2699 718 2762 356
747 2699 793 2777 A,
817 2698 872 2763 ubi
887 2698 970 2763 hunc
985 2699 1192 2784 Hipparitium

182 2819 287 2884 laudat
309 2825 433 2905 propter
453 2817 599 2882 beneficia
621 2825 699 2910 qdac
721 2839 818 2902 nuper
841 2817 955 2882 civitati
977 2818 1190 2904 praestitisset:

181 2939 268 3018 χάριν
297 2945 349 3012 τῆς
380 2961 414 3000 τε
442 2936 477 3011 δὴ
507 2939 554 2999 νῦν
585 2935 718 3013 βοηθείας
747 2936 796 3000 καὶ
821 2936 892 3021 (τοῦ)
915 2936 989 3001 ὁσίου
1012 2935 1137 3017 τρόπον,
1161 2936 1191 3010 ὃς

181 3055 332 3134 γενόμενος
354 3052 487 3136 τυράννου
510 3054 618 3136 πατρὸς
641 3054 708 3119 ἑκὼν
732 3055 783 3128 τὴν
806 3052 889 3120 πόλιν
912 3056 1064 3136 ἐλευθεροῖ,
1088 3058 1149 3123 κτὲ.

228 3174 383 3261 Epistulae
406 3173 596 3259 propositum
619 3181 682 3252 est,
706 3181 742 3237 ut
764 3172 891 3238 consilia
915 3173 966 3238 det
981 3173 1090 3238 Dionis
1103 3175 1192 3238 sociis

183 3295 222 3357 de
255 3291 442 3357 instituenda
476 3298 506 3355 et
539 3291 708 3356 ordinanda
742 3292 872 3356 civitate.
918 3291 1004 3356 Dicit
1034 3300 1136 3358 autem
1160 3315 1191 3356 se

182 3412 260 3476 veile
290 3412 350 3476 talc
378 3410 538 3474 consilium
562 3410 650 3489 darc,
676 3409 759 3496 quod
783 3410 885 3475 amicis
909 3433 1003 3496 aeque
1027 3418 1117 3495 atque
1141 3411 1191 3476 ad·

183 3530 320 3595 versariis
343 3529 420 3594 utile
443 3529 483 3592 sit
505 3529 656 3594 futurum.
704 3529 749 3594 Ac
772 3530 904 3615 primum
920 3530 1043 3615 quidem
1059 3529 1192 3594 ostendit

183 3649 359 3714 huiusmodi
381 3649 508 3713 consilia
529 3649 622 3734 vudgo
641 3672 755 3742 ¹parum
777 3649 898 3735 probari
924 3673 980 3714 nec
1003 3649 1105 3714 facilia
1128 3673 1191 3714 esse

183 3769 305 3845 affectu,
323 3768 377 3832 sed
391 3769 493 3853 potius
508 3769 586 3832 votis
603 3768 731 3847 similia,
748 3771 825 3850 εὐχῇ
837 3765 930 3846 ὅμοια.
955 3769 1076 3853 „Atqui
1083 3819 1092 3848 ,
1107 3769 1193 3833 addit

183 3888 270 3972 quasi
300 3909 331 3951 se
360 3887 529 3972 corrigens,
553 3885 626 3952 ἔστω
650 3887 683 3962 δὴ
706 3886 881 3953 παντάπασι
904 3887 957 3966 μὲν
981 3888 1056 3968 εὐχή
1079 3912 1122 3961 τις
1136 3939 1143 3953 .
1159 3939 1189 3954 ..

182 4008 317 4082 ἐπιτελὺς
347 4006 370 4070 δ’
386 4004 438 4082 εἴη.
484 4006 568 4071 Hace
591 4007 744 4092 praefatus
766 4007 875 4093 incipit
897 4030 915 4071 a
937 4007 1092 4092 praeteriti
1116 4016 1189 4072 tem·

183 4126 263 4210 poris
293 4125 516 4191 recordatione:
549 4125 637 4190 docet
667 4126 804 4210 utrisque
827 4127 1008 4191 certantium
1033 4127 1187 4212 quondam
