2746 4950
650 391 713 450 242

179 605 263 680 gesta
289 597 436 662 refutaret
458 619 590 682 eumque
609 598 702 662 talem
727 598 820 662 fuisse
844 597 1037 677 ostenderet,
1063 600 1197 683 quinon

177 722 299 780 tantum
330 716 444 794 verbis,
481 716 534 780 sed
566 717 656 781 etiam
688 717 774 781 faetis
798 717 1025 802 philosophiam
1051 719 1094 782 ad
1119 719 1195 783 saln-

177 843 239 898 tem
262 835 421 899 hominum
445 843 475 899 et
498 836 656 899 civitatum
684 836 818 900 conferre
842 835 987 900 studeret.

222 952 369 1032 Quamvis
398 961 500 1018 autem
524 977 560 1018 ex
582 955 630 1018 his
654 954 726 1017 satis
750 962 910 1040 appareat,
935 954 1097 1039 Epistolas
1121 956 1190 1033 has,

177 1073 325 1156 imprimis
356 1081 418 1137 tres
448 1073 517 1137 illas
549 1095 625 1157 quas
656 1073 736 1150 dixi,
770 1096 832 1137 non
861 1097 924 1137 esse
948 1074 1108 1139 habendas
1131 1098 1191 1139 mo-

106 1276 115 1297 .
177 1199 360 1256 numentum
392 1214 453 1276 quo
484 1192 622 1255 Platonis
646 1193 724 1269 vita,
749 1214 866 1269 mores,
891 1192 1034 1256 voluntas
1060 1201 1092 1256 et
1115 1194 1190 1257 ratio

178 1309 257 1374 clare
288 1332 427 1394 expressa
457 1311 536 1386 sint,
568 1331 631 1373 non
661 1317 763 1374 tamen
792 1309 910 1373 nullius
940 1312 1094 1374 momenti
1120 1320 1191 1374 sunt

178 1427 340 1512 putandae.
387 1427 468 1492 Nam
499 1435 711 1512 praeterquam
738 1427 820 1511 quod
844 1428 1007 1512 praeclaris
1031 1429 1191 1492 sententiis

177 1555 324 1632 tanquam
348 1548 474 1632 gemmis
497 1548 597 1611 nitent
626 1556 656 1611 et
676 1547 807 1632 plurima
834 1547 992 1611 continent
1008 1548 1191 1612 imitationis

130 1756 133 1761 Ι
178 1669 306 1752 vestigia
328 1690 344 1731 e
368 1667 493 1731 diversis
516 1665 654 1730 Platonis
678 1665 807 1750 dialogis
832 1688 988 1751 expressa,
1015 1677 1092 1730 sunt
1114 1675 1192 1730 eerte

177 1788 210 1850 in
229 1787 442 1851 vetustissimis
462 1785 650 1849 numeranda
669 1785 874 1849 monumentis
895 1807 972 1868 quae
992 1785 1031 1849 de
1052 1785 1193 1849 Platonis

177 1907 241 1970 vita
264 1913 294 1969 et
316 1905 407 1969 rebus
431 1904 468 1968 ad
485 1927 540 1967 nos
556 1909 778 1988 pervenerunt3
803 1902 982 1967 conducunt
1000 1903 1038 1967 ad
1055 1903 1195 1989 dispersa

179 2025 407 2111 deperditorum
430 2025 611 2108 scriptorum
634 2023 748 2087 indicia
771 2021 968 2100 illustranda,
995 2032 1143 2107 suspecta
1164 2034 1193 2088 et

178 2144 254 2208 falsa
285 2167 302 2207 a
331 2145 410 2208 veris
441 2142 642 2220 secernenda;
667 2142 802 2226 denique
826 2140 1012 2218 ostendunt,
1038 2143 1195 2225 quomodo

176 2263 240 2347 jam
262 2263 399 2347 proximo
423 2269 493 2347 post
515 2260 652 2326 Platonis
675 2268 803 2325 mortem
829 2259 932 2324 seculo
952 2259 1038 2323 illius
1055 2259 1198 2326 doctrina

179 2388 209 2446 et
238 2381 476 2467 philosophandi
506 2381 584 2445 ratio
621 2380 800 2444 commentis
832 2379 999 2443 deformata
1029 2387 1061 2441 et
1086 2389 1198 2464 myste-

179 2500 295 2564 riorum
317 2500 400 2564 nube
422 2499 562 2563 involuta
585 2498 636 2562 sit.
