<?xml version="1.0" encoding="UTF-8"?>
<!DOCTYPE html PUBLIC "-//W3C//DTD XHTML 1.0 Transitional//EN"
    "http://www.w3.org/TR/xhtml1/DTD/xhtml1-transitional.dtd">
<html xmlns="http://www.w3.org/1999/xhtml" xml:lang="en" lang="en">
 <head>
  <title>
</title>
<meta http-equiv="Content-Type" content="text/html;charset=utf-8" />
  <meta name='ocr-system' content='tesseract 3.04.00' />
  <meta name='ocr-capabilities' content='ocr_page ocr_carea ocr_par ocr_line ocrx_word'/>
</head>
<body>
  <div class='ocr_page' id='page_1' title='image "./commentatiocrit00karsgoog_0014.png"; bbox 0 0 2746 4950; ppageno 0'>
   <div class='ocr_carea' id='block_1_1' title="bbox 457 1262 865 1355">
    <p class='ocr_par' dir='ltr' id='par_1_1' title="bbox 457 1262 865 1355">
     <span class='ocr_line' id='line_1_1' title="bbox 457 1262 865 1355; baseline 0.005 -2"><span class='ocrx_word' id='word_1_1' title='bbox 457 1262 865 1355; x_wconf 77' lang='lat' dir='ltr'><strong>PRAEFATIO.</strong></span> 
     </span>
    </p>
   </div>
   <div class='ocr_carea' id='block_1_2' title="bbox 107 2009 1227 3160">
    <p class='ocr_par' dir='ltr' id='par_1_2' title="bbox 107 2009 1227 3160">
     <span class='ocr_line' id='line_1_2' title="bbox 212 2009 1207 2096; baseline 0.002 -23"><span class='ocrx_word' id='word_1_2' title='bbox 212 2010 296 2090; x_wconf 71' lang='lat' dir='ltr'><em>Quot</em></span> <span class='ocrx_word' id='word_1_3' title='bbox 316 2009 476 2073; x_wconf 71' lang='lat' dir='ltr'><em>illustrium</em></span> <span class='ocrx_word' id='word_1_4' title='bbox 498 2010 685 2096; x_wconf 69' lang='lat' dir='ltr'><em>antiquitatis</em></span> <span class='ocrx_word' id='word_1_5' title='bbox 706 2011 879 2094; x_wconf 77' lang='lat' dir='ltr'><em>scriptorum</em></span> <span class='ocrx_word' id='word_1_6' title='bbox 892 2012 966 2096; x_wconf 83' lang='lat' dir='ltr'><em>fere</em></span> <span class='ocrx_word' id='word_1_7' title='bbox 987 2011 1110 2088; x_wconf 89' lang='lat' dir='ltr'><em>uemiui,</em></span> <span class='ocrx_word' id='word_1_8' title='bbox 1137 2011 1172 2075; x_wconf 83' lang='lat' dir='ltr'><em>iet</em></span> <span class='ocrx_word' id='word_1_9' title='bbox 1205 2070 1207 2075; x_wconf 89' lang='lat'>.</span> 
     </span>
     <span class='ocr_line' id='line_1_3' title="bbox 162 2143 1170 2229; baseline 0.002 -24"><span class='ocrx_word' id='word_1_10' title='bbox 162 2143 282 2205; x_wconf 92' lang='lat' dir='ltr'><em>Platoui</em></span> <span class='ocrx_word' id='word_1_11' title='bbox 311 2143 422 2220; x_wconf 84' lang='lat' dir='ltr'><em>euenit,</em></span> <span class='ocrx_word' id='word_1_12' title='bbox 454 2149 488 2207; x_wconf 89' lang='lat' dir='ltr'><em>ut</em></span> <span class='ocrx_word' id='word_1_13' title='bbox 515 2166 551 2207; x_wconf 85' lang='lat' dir='ltr'><em>ero</em></span> <span class='ocrx_word' id='word_1_14' title='bbox 580 2144 644 2207; x_wconf 87' lang='lat' dir='ltr'><em>eius</em></span> <span class='ocrx_word' id='word_1_15' title='bbox 672 2143 806 2226; x_wconf 66' lang='lat' dir='ltr'><em>seriatis,</em></span> <span class='ocrx_word' id='word_1_16' title='bbox 839 2167 912 2228; x_wconf 86' lang='lat' dir='ltr'><em>quae</em></span> <span class='ocrx_word' id='word_1_17' title='bbox 944 2145 1106 2229; x_wconf 80' lang='lat' dir='ltr'><em>aequalium</em></span> <span class='ocrx_word' id='word_1_18' title='bbox 1138 2145 1170 2207; x_wconf 92' lang='lat' dir='ltr'><em>iu</em></span> 
     </span>
     <span class='ocr_line' id='line_1_4' title="bbox 107 2274 1170 2362; baseline 0.005 -26"><span class='ocrx_word' id='word_1_19' title='bbox 107 2302 110 2307; x_wconf 94' lang='lat'>·</span> <span class='ocrx_word' id='word_1_20' title='bbox 160 2274 289 2338; x_wconf 83' lang='lat' dir='ltr'><em>morsibus</em></span> <span class='ocrx_word' id='word_1_21' title='bbox 299 2276 448 2357; x_wconf 86' lang='lat' dir='ltr'><em>fuerumt,</em></span> <span class='ocrx_word' id='word_1_22' title='bbox 472 2278 602 2354; x_wconf 87' lang='lat' dir='ltr'><em>mullum,</em></span> <span class='ocrx_word' id='word_1_23' title='bbox 620 2285 758 2362; x_wconf 88' lang='lat' dir='ltr'><em>quamtum</em></span> <span class='ocrx_word' id='word_1_24' title='bbox 775 2282 948 2359; x_wconf 77' lang='lat' dir='ltr'><em>compertum</em></span> <span class='ocrx_word' id='word_1_25' title='bbox 962 2278 1110 2359; x_wconf 85' lang='lat' dir='ltr'><em>latemus,</em></span> <span class='ocrx_word' id='word_1_26' title='bbox 1127 2279 1170 2341; x_wconf 87' lang='lat' dir='ltr'><em>lu-</em></span> 
     </span>
     <span class='ocr_line' id='line_1_5' title="bbox 149 2407 1169 2492; baseline 0.003 -22"><span class='ocrx_word' id='word_1_27' title='bbox 149 2407 238 2492; x_wconf 84' lang='lat' dir='ltr'><em>juru&#39;a</em></span> <span class='ocrx_word' id='word_1_28' title='bbox 259 2415 415 2490; x_wconf 78' lang='lat' dir='ltr'><em>temporum</em></span> <span class='ocrx_word' id='word_1_29' title='bbox 437 2409 614 2474; x_wconf 86' lang='lat' dir='ltr'><em>lomiuumoe</em></span> <span class='ocrx_word' id='word_1_30' title='bbox 636 2411 751 2474; x_wconf 88' lang='lat' dir='ltr'><em>iucuria</em></span> <span class='ocrx_word' id='word_1_31' title='bbox 774 2409 974 2484; x_wconf 84' lang='lat' dir='ltr'><em>iuterciolerit;</em></span> <span class='ocrx_word' id='word_1_32' title='bbox 991 2415 1091 2474; x_wconf 88' lang='lat' dir='ltr'><em>coutra</em></span> <span class='ocrx_word' id='word_1_33' title='bbox 1106 2433 1169 2473; x_wconf 89' lang='lat' dir='ltr'><em>cum</em></span> 
     </span>
     <span class='ocr_line' id='line_1_6' title="bbox 159 2542 1169 2626; baseline 0.004 -22"><span class='ocrx_word' id='word_1_34' title='bbox 159 2562 215 2604; x_wconf 88' lang='lat' dir='ltr'><em>mou</em></span> <span class='ocrx_word' id='word_1_35' title='bbox 238 2542 348 2622; x_wconf 79' lang='lat' dir='ltr'><em>paucis</em></span> <span class='ocrx_word' id='word_1_36' title='bbox 369 2542 569 2606; x_wconf 71' lang='lat' dir='ltr'><em>excellentibus</em></span> <span class='ocrx_word' id='word_1_37' title='bbox 585 2543 768 2626; x_wconf 70' lang='lat' dir='ltr'><em>philosoplis</em></span> <span class='ocrx_word' id='word_1_38' title='bbox 790 2550 818 2606; x_wconf 91' lang='lat' dir='ltr'><em>et</em></span> <span class='ocrx_word' id='word_1_39' title='bbox 840 2543 1004 2606; x_wconf 80' lang='lat' dir='ltr'><em>oratoribus</em></span> <span class='ocrx_word' id='word_1_40' title='bbox 1026 2565 1169 2608; x_wconf 78' lang='lat' dir='ltr'><em>commuue</em></span> 
     </span>
     <span class='ocr_line' id='line_1_7' title="bbox 159 2675 1168 2759; baseline 0.002 -23"><span class='ocrx_word' id='word_1_41' title='bbox 159 2675 275 2752; x_wconf 83' lang='lat' dir='ltr'><em>lubuit,</em></span> <span class='ocrx_word' id='word_1_42' title='bbox 307 2677 385 2759; x_wconf 84' lang='lat' dir='ltr'><em>quod</em></span> <span class='ocrx_word' id='word_1_43' title='bbox 412 2677 475 2739; x_wconf 82' lang='lat' dir='ltr'><em>eim</em></span> <span class='ocrx_word' id='word_1_44' title='bbox 504 2676 617 2740; x_wconf 89' lang='lat' dir='ltr'><em>uomiue</em></span> <span class='ocrx_word' id='word_1_45' title='bbox 640 2677 733 2759; x_wconf 75' lang='lat' dir='ltr'><em>plura</em></span> <span class='ocrx_word' id='word_1_46' title='bbox 767 2677 844 2740; x_wconf 84' lang='lat' dir='ltr'><em>etita</em></span> <span class='ocrx_word' id='word_1_47' title='bbox 875 2682 903 2739; x_wconf 91' lang='lat' dir='ltr'><em>et</em></span> <span class='ocrx_word' id='word_1_48' title='bbox 929 2677 1079 2758; x_wconf 73' lang='lat' dir='ltr'><em>alioulqata</em></span> <span class='ocrx_word' id='word_1_49' title='bbox 1100 2683 1168 2740; x_wconf 91' lang='lat' dir='ltr'><em>suut</em></span> 
     </span>
     <span class='ocr_line' id='line_1_8' title="bbox 158 2802 1227 2894; baseline 0.003 -23"><span class='ocrx_word' id='word_1_50' title='bbox 158 2806 286 2890; x_wconf 59' lang='lat' dir='ltr'><em>soracte,</em></span> <span class='ocrx_word' id='word_1_51' title='bbox 313 2811 467 2894; x_wconf 85' lang='lat' dir='ltr'><em>quaejam</em></span> <span class='ocrx_word' id='word_1_52' title='bbox 490 2812 557 2873; x_wconf 86' lang='lat' dir='ltr'><em>olim</em></span> <span class='ocrx_word' id='word_1_53' title='bbox 581 2811 743 2875; x_wconf 90' lang='lat' dir='ltr'><em>acutiorum</em></span> <span class='ocrx_word' id='word_1_54' title='bbox 766 2810 932 2874; x_wconf 76' lang='lat' dir='ltr'><em>criticorum</em></span> <span class='ocrx_word' id='word_1_55' title='bbox 946 2810 1062 2893; x_wconf 73' lang='lat' dir='ltr'><em>justicio</em></span> <span class='ocrx_word' id='word_1_56' title='bbox 1085 2833 1168 2892; x_wconf 74' lang='lat' dir='ltr'><em>repu-</em></span> <span class='ocrx_word' id='word_1_57' title='bbox 1223 2802 1227 2809; x_wconf 43' lang='lat'><strong>¹</strong></span> 
     </span>
     <span class='ocr_line' id='line_1_9' title="bbox 158 2941 1169 3031; baseline 0.002 -26"><span class='ocrx_word' id='word_1_58' title='bbox 158 2941 242 3006; x_wconf 84' lang='lat' dir='ltr'><em>diota</em></span> <span class='ocrx_word' id='word_1_59' title='bbox 271 2949 348 3008; x_wconf 89' lang='lat' dir='ltr'><em>sumt.</em></span> <span class='ocrx_word' id='word_1_60' title='bbox 396 2945 491 3008; x_wconf 82' lang='lat' dir='ltr'><em>Causa</em></span> <span class='ocrx_word' id='word_1_61' title='bbox 520 2945 565 3008; x_wconf 87' lang='lat' dir='ltr'><em>rei</em></span> <span class='ocrx_word' id='word_1_62' title='bbox 586 2946 659 3031; x_wconf 82' lang='lat' dir='ltr'><em>fuit</em></span> <span class='ocrx_word' id='word_1_63' title='bbox 689 2946 767 3029; x_wconf 86' lang='lat' dir='ltr'><em>quod</em></span> <span class='ocrx_word' id='word_1_64' title='bbox 794 2944 931 3006; x_wconf 89' lang='lat' dir='ltr'><em>Plotouis</em></span> <span class='ocrx_word' id='word_1_65' title='bbox 953 2943 1100 3008; x_wconf 86' lang='lat' dir='ltr'><em>oualitores</em></span> <span class='ocrx_word' id='word_1_66' title='bbox 1123 2946 1169 3008; x_wconf 86' lang='lat' dir='ltr'><em>cel</em></span> 
     </span>
     <span class='ocr_line' id='line_1_10' title="bbox 157 3076 1166 3160; baseline 0.001 -21"><span class='ocrx_word' id='word_1_67' title='bbox 157 3076 292 3152; x_wconf 82' lang='lat' dir='ltr'><em>lectores,</em></span> <span class='ocrx_word' id='word_1_68' title='bbox 326 3077 488 3160; x_wconf 76' lang='lat' dir='ltr'><em>sapientiae</em></span> <span class='ocrx_word' id='word_1_69' title='bbox 522 3079 585 3142; x_wconf 88' lang='lat' dir='ltr'><em>eius</em></span> <span class='ocrx_word' id='word_1_70' title='bbox 614 3086 643 3142; x_wconf 92' lang='lat' dir='ltr'><em>et</em></span> <span class='ocrx_word' id='word_1_71' title='bbox 672 3078 813 3141; x_wconf 87' lang='lat' dir='ltr'><em>oratiouis</em></span> <span class='ocrx_word' id='word_1_72' title='bbox 846 3078 1038 3140; x_wconf 79' lang='lat' dir='ltr'><em>admiratione</em></span> <span class='ocrx_word' id='word_1_73' title='bbox 1070 3078 1166 3159; x_wconf 77' lang='lat' dir='ltr'><em>capti,</em></span> 
     </span>
    </p>
   </div>
   <div class='ocr_carea' id='block_1_3' title="bbox 159 3209 1168 3292">
    <p class='ocr_par' dir='ltr' id='par_1_3' title="bbox 159 3209 1168 3292">
     <span class='ocr_line' id='line_1_11' title="bbox 159 3209 1168 3292; baseline 0.002 -20"><span class='ocrx_word' id='word_1_74' title='bbox 159 3230 221 3272; x_wconf 89' lang='lat' dir='ltr'><em>eum</em></span> <span class='ocrx_word' id='word_1_75' title='bbox 254 3209 401 3274; x_wconf 85' lang='lat' dir='ltr'><em>serileudo</em></span> <span class='ocrx_word' id='word_1_76' title='bbox 436 3211 550 3274; x_wconf 90' lang='lat' dir='ltr'><em>imitari</em></span> <span class='ocrx_word' id='word_1_77' title='bbox 583 3215 754 3276; x_wconf 73' lang='lat' dir='ltr'><em>statuerumt</em></span> <span class='ocrx_word' id='word_1_78' title='bbox 785 3218 813 3274; x_wconf 94' lang='lat' dir='ltr'><em>et</em></span> <span class='ocrx_word' id='word_1_79' title='bbox 842 3233 897 3273; x_wconf 89' lang='lat' dir='ltr'><em>sua</em></span> <span class='ocrx_word' id='word_1_80' title='bbox 927 3209 1083 3292; x_wconf 77' lang='lat' dir='ltr'><em>specimina</em></span> <span class='ocrx_word' id='word_1_81' title='bbox 1109 3233 1168 3274; x_wconf 91' lang='lat' dir='ltr'><em>ma·</em></span> 
     </span>
    </p>
   </div>
   <div class='ocr_carea' id='block_1_4' title="bbox 154 3340 1278 3426">
    <p class='ocr_par' dir='ltr' id='par_1_4' title="bbox 154 3340 1278 3426">
     <span class='ocr_line' id='line_1_12' title="bbox 154 3340 1278 3426; baseline 0.001 -20"><span class='ocrx_word' id='word_1_82' title='bbox 154 3340 244 3423; x_wconf 65' lang='lat' dir='ltr'><em>arsut</em></span> <span class='ocrx_word' id='word_1_83' title='bbox 284 3343 397 3407; x_wconf 88' lang='lat' dir='ltr'><em>momiue</em></span> <span class='ocrx_word' id='word_1_84' title='bbox 440 3344 581 3426; x_wconf 73' lang='lat' dir='ltr'><em>lusiquita</em></span> <span class='ocrx_word' id='word_1_85' title='bbox 621 3345 816 3408; x_wconf 85' lang='lat' dir='ltr'><em>oeuetitarumt.</em></span> <span class='ocrx_word' id='word_1_86' title='bbox 875 3344 986 3407; x_wconf 86' lang='lat' dir='ltr'><em>Horam</em></span> <span class='ocrx_word' id='word_1_87' title='bbox 1027 3345 1167 3407; x_wconf 88' lang='lat' dir='ltr'><em>uouuulla</em></span> <span class='ocrx_word' id='word_1_88' title='bbox 1275 3369 1278 3375; x_wconf 77' lang='grc'><strong>’</strong></span> 
     </span>
    </p>
   </div>
   <div class='ocr_carea' id='block_1_5' title="bbox 149 3475 1170 4095">
    <p class='ocr_par' dir='ltr' id='par_1_5' title="bbox 149 3475 1170 4095">
     <span class='ocr_line' id='line_1_13' title="bbox 149 3475 1169 3564; baseline 0.003 -26"><span class='ocrx_word' id='word_1_89' title='bbox 149 3475 217 3558; x_wconf 83' lang='lat' dir='ltr'><em>jam</em></span> <span class='ocrx_word' id='word_1_90' title='bbox 251 3482 375 3562; x_wconf 75' lang='lat' dir='ltr'><em>oemrum</em></span> <span class='ocrx_word' id='word_1_91' title='bbox 406 3478 571 3542; x_wconf 86' lang='lat' dir='ltr'><em>criticorum</em></span> <span class='ocrx_word' id='word_1_92' title='bbox 602 3479 692 3543; x_wconf 91' lang='lat' dir='ltr'><em>aciem</em></span> <span class='ocrx_word' id='word_1_93' title='bbox 714 3501 771 3542; x_wconf 88' lang='lat' dir='ltr'><em>uou</em></span> <span class='ocrx_word' id='word_1_94' title='bbox 790 3477 986 3564; x_wconf 76' lang='lat' dir='ltr'><em>fefellerunt,</em></span> <span class='ocrx_word' id='word_1_95' title='bbox 1016 3477 1078 3540; x_wconf 88' lang='lat' dir='ltr'><em>alia</em></span> <span class='ocrx_word' id='word_1_96' title='bbox 1104 3499 1169 3541; x_wconf 91' lang='lat' dir='ltr'><em>oero</em></span> 
     </span>
     <span class='ocr_line' id='line_1_14' title="bbox 159 3608 1170 3696; baseline 0.002 -24"><span class='ocrx_word' id='word_1_97' title='bbox 159 3611 201 3672; x_wconf 87' lang='lat' dir='ltr'><em>ad</em></span> <span class='ocrx_word' id='word_1_98' title='bbox 227 3608 332 3672; x_wconf 71' lang='lat' dir='ltr'><em>ultim</em></span> <span class='ocrx_word' id='word_1_99' title='bbox 360 3613 532 3676; x_wconf 80' lang='lat' dir='ltr'><em>Academiae</em></span> <span class='ocrx_word' id='word_1_100' title='bbox 561 3620 689 3696; x_wconf 72' lang='lat' dir='ltr'><em>tempora</em></span> <span class='ocrx_word' id='word_1_101' title='bbox 712 3634 770 3695; x_wconf 80' lang='lat' dir='ltr'><em>pro</em></span> <span class='ocrx_word' id='word_1_102' title='bbox 789 3611 935 3694; x_wconf 73' lang='lat' dir='ltr'><em>aermauis</em></span> <span class='ocrx_word' id='word_1_103' title='bbox 958 3610 1092 3673; x_wconf 81' lang='lat' dir='ltr'><em>Platoris</em></span> <span class='ocrx_word' id='word_1_104' title='bbox 1113 3633 1170 3674; x_wconf 91' lang='lat' dir='ltr'><em>mo·</em></span> 
     </span>
     <span class='ocr_line' id='line_1_15' title="bbox 158 3740 1170 3823; baseline 0.005 -21"><span class='ocrx_word' id='word_1_105' title='bbox 158 3740 303 3804; x_wconf 88' lang='lat' dir='ltr'><em>uumeutis</em></span> <span class='ocrx_word' id='word_1_106' title='bbox 332 3743 435 3807; x_wconf 82' lang='lat' dir='ltr'><em>latita</em></span> <span class='ocrx_word' id='word_1_107' title='bbox 462 3751 540 3808; x_wconf 88' lang='lat' dir='ltr'><em>suut.</em></span> <span class='ocrx_word' id='word_1_108' title='bbox 587 3746 626 3808; x_wconf 90' lang='lat' dir='ltr'><em>Iu</em></span> <span class='ocrx_word' id='word_1_109' title='bbox 655 3747 709 3808; x_wconf 84' lang='lat' dir='ltr'><em>lac</em></span> <span class='ocrx_word' id='word_1_110' title='bbox 740 3745 831 3807; x_wconf 87' lang='lat' dir='ltr'><em>classe</em></span> <span class='ocrx_word' id='word_1_111' title='bbox 857 3746 1006 3806; x_wconf 79' lang='lat' dir='ltr'><em>censeatur</em></span> <span class='ocrx_word' id='word_1_112' title='bbox 1029 3741 1170 3823; x_wconf 77' lang='lat' dir='ltr'><em>Episto-</em></span> 
     </span>
     <span class='ocr_line' id='line_1_16' title="bbox 159 3874 1169 3963; baseline 0.002 -27"><span class='ocrx_word' id='word_1_113' title='bbox 159 3874 234 3949; x_wconf 91' lang='lat' dir='ltr'><em>lae,</em></span> <span class='ocrx_word' id='word_1_114' title='bbox 266 3897 341 3959; x_wconf 85' lang='lat' dir='ltr'><em>quae</em></span> <span class='ocrx_word' id='word_1_115' title='bbox 371 3899 390 3938; x_wconf 94' lang='lat' dir='ltr'><em>a</em></span> <span class='ocrx_word' id='word_1_116' title='bbox 415 3878 553 3963; x_wconf 66' lang='lat' dir='ltr'><em>Pirasyto</em></span> <span class='ocrx_word' id='word_1_117' title='bbox 577 3879 608 3940; x_wconf 90' lang='lat' dir='ltr'><em>iu</em></span> <span class='ocrx_word' id='word_1_118' title='bbox 631 3878 849 3941; x_wconf 88' lang='lat' dir='ltr'><em>Ptatmicorum</em></span> <span class='ocrx_word' id='word_1_119' title='bbox 872 3896 987 3956; x_wconf 78' lang='lat' dir='ltr'><em>operum</em></span> <span class='ocrx_word' id='word_1_120' title='bbox 1011 3875 1169 3956; x_wconf 64' lang='lat' dir='ltr'><em>catulorum</em></span> 
     </span>
     <span class='ocr_line' id='line_1_17' title="bbox 159 4008 1169 4095; baseline 0.003 -26"><span class='ocrx_word' id='word_1_121' title='bbox 159 4012 305 4088; x_wconf 76' lang='lat' dir='ltr'><em>receptae,</em></span> <span class='ocrx_word' id='word_1_122' title='bbox 314 4011 381 4092; x_wconf 86' lang='lat' dir='ltr'><em>jam</em></span> <span class='ocrx_word' id='word_1_123' title='bbox 397 4034 416 4073; x_wconf 92' lang='lat' dir='ltr'><em>a</em></span> <span class='ocrx_word' id='word_1_124' title='bbox 435 4010 584 4088; x_wconf 88' lang='lat' dir='ltr'><em>Cicerme,</em></span> <span class='ocrx_word' id='word_1_125' title='bbox 599 4013 759 4075; x_wconf 88' lang='lat' dir='ltr'><em>Plutarcto</em></span> <span class='ocrx_word' id='word_1_126' title='bbox 771 4031 922 4095; x_wconf 85' lang='lat' dir='ltr'><em>eorumque</em></span> <span class='ocrx_word' id='word_1_127' title='bbox 937 4008 1105 4093; x_wconf 82' lang='lat' dir='ltr'><em>aequalibus</em></span> <span class='ocrx_word' id='word_1_128' title='bbox 1110 4032 1169 4091; x_wconf 78' lang='lat' dir='ltr'><em>pro</em></span> 
     </span>
    </p>
   </div>
   <div class='ocr_carea' id='block_1_6' title="bbox 159 4140 1169 4235">
    <p class='ocr_par' dir='ltr' id='par_1_6' title="bbox 159 4140 1169 4235">
     <span class='ocr_line' id='line_1_18' title="bbox 159 4140 1169 4235; baseline 0.004 -33"><span class='ocrx_word' id='word_1_129' title='bbox 159 4140 280 4204; x_wconf 77' lang='lat' dir='ltr'><em>sicceris</em></span> <span class='ocrx_word' id='word_1_130' title='bbox 302 4144 418 4229; x_wconf 82' lang='lat' dir='ltr'><em>latitas</em></span> <span class='ocrx_word' id='word_1_131' title='bbox 439 4151 468 4208; x_wconf 92' lang='lat' dir='ltr'><em>et</em></span> <span class='ocrx_word' id='word_1_132' title='bbox 486 4147 612 4235; x_wconf 81' lang='lat' dir='ltr'><em>studiose</em></span> <span class='ocrx_word' id='word_1_133' title='bbox 630 4145 777 4210; x_wconf 89' lang='lat' dir='ltr'><em>lectitatae</em></span> <span class='ocrx_word' id='word_1_134' title='bbox 793 4149 870 4230; x_wconf 79' lang='lat' dir='ltr'><em>suut</em></span> <span class='ocrx_word' id='word_1_135' title='bbox 906 4144 987 4206; x_wconf 87' lang='lat' dir='ltr'><em>Num</em></span> <span class='ocrx_word' id='word_1_136' title='bbox 1006 4141 1169 4207; x_wconf 80' lang='lat' dir='ltr'><em>mirandum</em></span> 
     </span>
    </p>
   </div>
   <div class='ocr_carea' id='block_1_7' title="bbox 0 0 1378 4950">
    <p class='ocr_par' dir='ltr' id='par_1_7' title="bbox 0 0 1378 4950">
     <span class='ocr_line' id='line_1_19' title="bbox 0 0 1378 4950; baseline 0 1"><span class='ocrx_word' id='word_1_137' title='bbox 0 0 1378 4950; x_wconf 95' lang='lat' dir='ltr'><em> </em></span> 
     </span>
    </p>
   </div>
  </div>
 </body>
</html>
