2746 4950
664 296 704 355 86

176 507 254 569 inter
285 527 340 568 nos
371 505 462 569 fuerit
484 503 683 568 consiliorum
706 503 744 567 da
767 504 923 589 republica
946 509 1185 587 commercium

176 624 344 689 ostendunt
366 624 398 687 in
421 631 452 687 te
474 646 596 688 causam
620 623 709 688 sitam
731 624 841 702 fuisse,
865 647 941 708 quae
965 627 1018 700 τὴν
1044 628 1119 705 ἐμὴν
1137 628 1184 693 κοί

176 746 228 819 σὴν
251 743 425 824 λυκοφιλίαν
447 742 496 807 κοί
519 743 683 808 οὶκοννοννίοον
706 743 822 828 peperit
845 744 885 828 (p.
910 746 975 807 318
998 743 1050 829 Ε).

222 862 340 926 Deinde
357 860 473 925 accedit
489 860 527 925 ad
550 861 694 938 alterum,
719 862 749 926 h.
774 885 800 925 e.
824 863 955 947 primum
979 866 1186 930 accusationis

176 990 287 1066 caput,
311 980 393 1064 quod
416 980 522 1065 paucis
545 979 685 1045 absolvit.
731 980 879 1065 Dionysio
900 981 1082 1048 criminanti
1105 985 1187 1069 quod

176 1099 265 1163 Plato
288 1098 441 1183 qnondam
465 1099 523 1163 sibi
546 1098 738 1162 dissuasisset
767 1097 887 1164 Siciliae
909 1100 1050 1166 civitates
1063 1103 1187 1188 'instan-

176 1242 242 1283 rare
276 1226 306 1282 et
336 1217 498 1303 imperium
527 1240 617 1282 suum
636 1218 793 1302 mitigare,
817 1217 978 1303 respondet
1003 1242 1187 1288 commemo

176 1337 272 1401 rando
306 1359 491 1414 sermonem,
527 1337 581 1420 qui
608 1336 762 1421 quondam
782 1337 973 1403 adstantibus
1000 1339 1187 1406 Aristocrito

178 1464 208 1520 et
239 1455 427 1520 Archedemo
457 1456 489 1519 in
523 1455 621 1540 regiae
660 1456 748 1520 horto
779 1463 858 1520 esset
885 1457 1025 1536 habitus,
1056 1460 1094 1524 in
1128 1483 1188 1545 quo

177 1575 342 1659 Dionysius
376 1575 435 1638 hoe
464 1574 566 1659 ipsum
596 1574 718 1638 Platoni
748 1575 973 1660 exprobrasset,
1006 1577 1095 1660 quod
1126 1580 1188 1664 jus·

176 1695 264 1758 sisset
291 1717 322 1757 se
348 1693 404 1765 τοὶς
432 1693 603 1768 Ἑλληνίδος
625 1694 724 1765 πόλεις
746 1693 898 1775 κουφίζειν.
923 1693 1035 1773 Addit,
1048 1718 1083 1760 se
1096 1697 1188 1782 plura

177 1819 356 1897 argumenta
379 1811 484 1875 afferre
507 1833 594 1896 posse
617 1811 655 1875 ad
678 1811 869 1897 probandum
891 1811 926 1876 id·
944 1835 976 1876 se
998 1835 1190 1901 magnopere

177 1930 345 2015 cupivisse,
369 1930 551 2014 Dionysium
574 1951 645 1993 vero
668 1929 819 2008 uoluisse,
844 1930 870 1994 si
893 1952 993 1994 coram
1011 1931 1128 2005 idoneo
1141 1936 1190 2020 ju-

178 2048 244 2113 dice
267 2071 359 2113 causa
381 2055 538 2133 ageretur,
567 2047 594 2113 εί
613 2071 657 2120 τις
681 2049 764 2123 ίκοοννί
787 2072 842 2114 που
864 2050 995 2131 Φοίνοντο
1016 2052 1121 2130 κρίσις.
1146 2055 1188 2138 (ρ.

179 2170 241 2231 aro
266 2166 317 2252 1)).

222 2404 306 2468 Haec
337 2411 382 2468 est
409 2403 581 2490 argumenti
604 2426 740 2481 summa,
763 2426 846 2468 nunc
869 2403 907 2468 de
935 2404 1081 2489 epistolae
1104 2429 1189 2472 com-

178 2524 329 2608 positione
352 2533 383 2587 et
405 2523 444 2587 de
466 2546 568 2588 rerum
591 2524 771 2587 tractatione
794 2523 899 2608 paucis
922 2523 1089 2589 videamus.
1113 2524 1190 2612 Epi-

178 2644 288 2707 stolam
319 2644 396 2706 hanc
428 2665 492 2707 esse
520 2642 707 2727 apologiam,
732 2641 772 2706 ad
793 2642 1037 2727 redarguendum
1059 2644 1188 2728 iniquos

177 2783 312 2826 rumores
344 2761 398 2845 qui
428 2782 446 2823 a
476 2759 623 2844 Dionysio
647 2760 773 2843 eiusque
795 2759 1033 2824 assentatoribus
1054 2759 1093 2824 de
1116 2761 1189 2827 Pla-

178 2887 249 2943 tone
277 2880 372 2965 sparsi
395 2886 496 2944 essent
518 2879 733 2964 compositam,
757 2877 894 2942 indicant
916 2878 1012 2962 ipsius
1035 2880 1189 2963 epistolae

178 3000 285 3064 verba:
309 3001 378 3079 πρὸς
401 2998 447 3064 δύο
466 3000 499 3074 δή
514 3022 562 3076 μοι
578 2997 743 3082 (διαβολὰς)
755 2997 855 3069 διττὰς
870 2997 1029 3074 bromton
1045 3000 1190 3075 ποιήσασ-

178 3121 223 3184 dxi
239 3118 294 3189 τὰς
310 3119 484 3195 οίννολονίοος.
515 3117 640 3201 Itaque,
658 3112 842 3201 quamquam
857 3116 1003 3201 iuscripta
1018 3116 1188 3201 Dionysio,

179 3238 329 3302 destinata
355 3246 454 3301 tameo
480 3245 525 3301 cst
549 3244 584 3300 ut
606 3236 639 3301 in
660 3236 817 3321 publicum
834 3235 973 3300 ederetur
988 3244 1019 3299 et
1034 3235 1129 3321 uulgo
1144 3237 1189 3302 ic-

179 3365 300 3441 geretur
307 3384 316 3435 3
349 3356 484 3440 alioquin
507 3356 606 3420 inanis
630 3356 764 3441 profecto
787 3355 895 3419 fuisset
917 3354 1092 3419 istiusmodi
1113 3379 1189 3422 cum

178 3484 307 3560 tyranno
331 3483 361 3540 et
382 3475 512 3540 inimico·
530 3475 743 3560 expostulatio.
777 3474 848 3538 Jam
869 3474 925 3538 tali
948 3474 1075 3538 consilio
1097 3498 1190 3560 argn-

179 3601 317 3657 mentum
339 3594 484 3679 epistolae
506 3616 615 3679 parum
638 3593 810 3679 respondet.
856 3591 954 3656 Priori
979 3592 1188 3659 criminationi

178 3714 258 3776 inter
294 3712 497 3797 Syracusanos
535 3712 689 3796 quondam
728 3733 866 3796 sparsae,
903 3710 986 3796 quod
1016 3709 1188 3795 Dionysius

179 3854 388 3915 quaecumque
419 3831 580 3916 superbius
615 3838 716 3916 ageret
744 3830 872 3894 Platone
903 3836 1026 3892 auctore
1053 3829 1185 3910 faceret,

178 3950 299 4034 reponit
320 3951 394 4027 hoc,
420 3949 502 4033 quod
526 3949 615 4035 pulso
638 3949 737 4012 Dione
760 3948 865 4012 nullus
889 3947 947 4011 sibi
969 3970 1069 4012 rerum
1086 3949 1187 4032 publi-

178 4090 281 4136 carum
304 4068 528 4136 tractandarum
553 4068 638 4136 loeus
661 4074 740 4134 esset
761 4067 904 4135 relictus:
929 4059 973 4147 ἄρ’
996 4063 1041 4131 οὖν
1064 4064 1112 4132 οίεο
1135 4092 1183 4146 μοι
