2746 4950
654 321 712 382 156

177 540 244 596 tus:
266 533 300 596 hi
314 532 494 610 στρατηγοὺς
512 533 545 595 in
557 531 608 615 jus
624 539 772 594 vocarunt
788 540 818 594 et
834 543 1036 596 accusarunt.
1056 536 1077 616 ¹)
1095 534 1190 598 llven-

178 663 226 715 tus
260 658 363 716 autem
390 651 469 728 luit,
495 648 663 713 seeundum
688 648 855 712 Diodorum
880 672 906 713 e.
932 652 991 726 92,
1031 660 1069 714 ut
1098 651 1189 716 duoes

177 771 265 854 (quot
287 770 401 834 fuerint
429 790 491 832 non
521 766 617 852 addit)
640 790 754 830 munem
778 768 906 831 abdicati
930 769 996 831 aliis
1023 769 1187 856 imperinm

178 887 283 952 eadere
312 887 490 952 debuerint:
515 889 528 952 ὁ
553 887 639 963 ttoa
663 885 711 952 aa}
735 886 830 949 aaa
855 891 943 960 μισῶν
970 886 1039 957 τοὺς
1065 913 1189 964 στρατη-

179 1007 248 1084 γοὺς
263 1057 269 1072 .
285 1055 314 1070 ..
346 1003 513 1086 vaporifera
539 1005 605 1076 τοὺς
629 1004 681 1080 μὲν
704 1005 788 1068 ἔλυσε
811 1013 863 1078 τῆς
886 1005 998 1086 ἀρχῆς,
1026 1006 1139 1086 ἑτέρους
1163 1008 1186 1070 δ’

179 1123 269 1191 εἵλετο
297 1125 494 1205 στρατηγοὺς,
518 1125 547 1188 ἐν
578 1118 616 1194 οἷς
644 1124 693 1187 aul
727 1122 775 1186 τὸν
807 1125 958 1188 Διονύσιον.
1010 1124 1191 1190 Secundum

179 1244 334 1331 Ilpistolae
357 1265 428 1307 vero
452 1235 626 1328 scriptorem
654 1242 756 1307 decem
787 1241 881 1306 duces
911 1244 1064 1325 lapidibus
1096 1247 1190 1308 obrrcti

179 1373 257 1428 sunt.
282 1362 410 1427 Diodori
428 1361 630 1426 narrationem
647 1383 747 1424 veram
766 1384 829 1424 esse
850 1384 886 1425 ex
898 1385 933 1425 eo
946 1372 1092 1446 apparet,
1109 1364 1190 1448 quod

182 1482 273 1568 paulo
290 1489 358 1567 post
374 1483 410 1565 (o.
429 1484 482 1565 96)
495 1454 603 1558 refert,
617 1481 808 1565 Dionysium,
822 1482 989 1565 qno'magis
1004 1491 1190 1566 potestatem

181 1625 267 1667 suam
297 1601 441 1677 firmaret,
475 1600 512 1663 de
543 1600 643 1664 medio
667 1599 825 1663 sustulisse
848 1599 1053 1683 Daphnaeum
1079 1615 1111 1666 et
1134 1602 1190 1666 De

180 1719 356 1797 marchum,
381 1719 433 1803 qui
456 1718 544 1783 ambo
567 1719 599 1781 in
628 1718 741 1782 dueum
764 1717 887 1781 illorum
907 1740 1033 1782 numero
1056 1720 1188 1785 fuerant

182 1839 282 1904 Etiam
310 1837 423 1915 Groteo
443 1837 546 1923 judice
569 1840 610 1922 (p.
635 1840 698 1901 435
722 1840 799 1921 not.)
829 1836 957 1901 Diodori
979 1837 1057 1902 fides
1082 1840 1190 1905 bacin

181 1981 213 2022 re
235 1957 410 2021 Platonicae
437 1956 583 2041 epistolae
602 1956 775 2020 testimonio
790 1956 1003 2040 anteponenda
1019 1965 1076 2023 est.
1104 1958 1191 2039 Quae

181 2100 272 2142 eausa
294 2077 386 2140 fuerit
410 2076 534 2153 erroris,
559 2075 702 2160 ambigas.
748 2074 878 2159 Legitne
899 2075 1026 2140 fortasse
1047 2077 1082 2142 in
1100 2079 1192 2164 serip-

180 2201 246 2260 tore
261 2196 442 2260 axrs‘aevoav
453 2171 708 2279 proiaare‘avrau?
730 2195 782 2257 An
797 2194 911 2258 factum
928 2193 1191 2278 Syracusanorum

181 2314 320 2380 confudit
346 2337 415 2378 oum
438 2313 530 2384 simili
553 2314 649 2390 faoto,
675 2311 757 2397 quod
780 2313 812 2377 in
835 2312 893 2376 hoo
913 2313 980 2397 ipso
996 2312 1079 2377 bello
1097 2316 1191 2400 paulo

182 2440 267 2497 ante
286 2442 441 2510 evenerat,
472 2455 568 2517 quum
591 2431 785 2517 Agrigentini
809 2431 853 2495 ira
875 2430 1003 2495 inbelli
1026 2431 1124 2497 duces
1147 2456 1193 2499 ao

182 2553 264 2618 oensi
291 2551 435 2616 dicuntur
458 2551 602 2631 τετπνὶρνις
625 2553 719 2616 αὐτῶν
741 2549 948 2615 κοπολεῦοονΡ
970 2549 1021 2613 Ita
1044 2551 1193 2635 opinatur

183 2672 332 2752 Groteus,
364 2672 418 2757 qni
447 2672 505 2737 hoe
535 2671 643 2736 tribuit
669 2671 830 2736 memoriae
852 2692 959 2756 parum
981 2671 1106 2745 firmae,
1132 2696 1194 2757 qua

181 2793 270 2856 Plato
295 2799 360 2856 tum
383 2814 474 2856 senex.
496 2798 583 2855 esset.
630 2789 747 2875 Lepida
774 2790 946 2866 excusatio,
971 2811 1062 2873 quam
1086 2799 1193 2857 tamen

183 2918 214 2976 et
237 2934 292 2995 ego
315 2911 441 2975 forsitan
457 2910 663 2988 admitterem,
681 2910 707 2972 si
721 2909 800 2973 hano
816 2931 909 2972 unam
924 2908 962 2972 ob
980 2930 1105 2973 oausam
1123 2909 1194 2996 Epi-

183 3031 261 3094 stola
291 3030 412 3093 Platoni
438 3029 639 3114 abjudicanda
661 3036 748 3093 esset.
795 3027 855 3091 Sed
877 3049 1046 3112 pergamus.
1078 3028 1195 3094 Secun-

183 3150 256 3214 dum
280 3149 449 3214 Diodorum
472 3151 543 3213 novi
570 3148 643 3213 belli
666 3147 758 3212 duces
781 3146 873 3212 ereati
896 3154 969 3210 sunt
985 3148 1136 3228 plures,
1161 3151 1193 3213 in

183 3269 230 3332 his
246 3268 411 3352 Dionysius
428 3277 458 3332 et
473 3271 519 3351 (ut
535 3267 690 3352 probabile
710 3267 768 3350 est)
784 3266 875 3329 etiam
891 3264 1090 3350 Hipparinus.
1123 3266 1193 3332 Hoo

98 3468 99 3474 ρ
185 3394 230 3450 est
253 3408 314 3471 quo
338 3385 477 3471 Epistola
500 3392 615 3471 spectat
638 3385 669 3449 in
693 3385 791 3470 priore
813 3384 897 3460 loeo,
922 3405 951 3467 p.
977 3385 1039 3446 353
1065 3383 1111 3461 A,
1139 3385 1194 3450 ubi

184 3506 286 3569 tamen
309 3527 371 3568 non
388 3506 491 3588 plures
505 3505 580 3568 teta
605 3508 706 3582 daces,
732 3503 784 3567 sed
808 3506 878 3566 daos
900 3501 1115 3565 tantummodo
1139 3529 1196 3568 rv-

184 3622 324 3704 ροὶννονς
347 3623 608 3702 αὐτοκράτορας
640 3631 755 3686 creatos
779 3642 842 3684 esse
865 3619 957 3696 dioit,
983 3618 1195 3704 Hipparinum

217 3840 241 3900 l)
268 3839 295 3888 0.
321 3839 365 3886 91:
391 3843 550 3906 ἀπορουμένων
573 3838 597 3888 u
619 3843 718 3901 πάντων,
737 3839 854 3905 παρελθὼν
870 3838 978 3891 Διοοὺσιος
995 3837 1007 3885 t
1022 3833 1198 3903 ‘Eppoxpo'trws

185 3945 228 3987 τῶν
242 3937 285 3999 μὶν
301 3943 416 3996 crumas
432 3934 584 4000 κατηγόρηοεν
600 3937 630 3990 ὡς
645 3932 795 4001 προδιδόντων
810 3935 841 3981 τὰ
857 3935 989 3998 πράγματα
1004 3937 1051 3986 τοῖς
1067 3932 1197 3998 Καρχηδο-

180 4034 252 4094 νίοις,
277 4036 308 4081 τὰ
330 4031 355 4080 δὲ
376 4031 449 4085 πλήθη
471 4029 589 4097 παρώξυνε
611 4032 667 4097 πρὸς
684 4035 724 4087 τὴν
740 4029 811 4078 αὐτῶν
826 4029 947 4094 τιμωρίαν.
982 4025 1018 4074 De
1035 4027 1087 4073 tota
1103 4024 1152 4076 hae
1170 4043 1197 4078 re

187 4125 321 4208 conferatpr
338 4124 425 4184 Grote,
443 4123 496 4172 Vol.
513 4123 546 4181 X,
564 4139 588 4188 p.
604 4123 653 4172 424
670 4139 720 4190 sqq.
738 4127 762 4171 et
778 4121 827 4171 433
844 4137 895 4188 sqq.
