2746 4950
729 351 747 410 2

278 557 433 641 Epistolae
463 558 519 620 hae
549 562 585 619 ut
615 556 746 641 primum
774 556 920 623 initalia
944 558 1084 642 vulgatae
1108 567 1234 623 suntet

233 675 265 738 in
297 675 485 739 eruditorum
516 676 658 739 notitiam
689 677 837 761 perlatae,
869 677 1000 741 maxima
1025 677 1165 765 :omnium
1189 678 1239 742 ad·

233 795 392 858 miratione
416 803 487 859 sunt
511 801 661 880 exceptae.
708 795 849 873 licinus,
873 796 1058 861 Laurentius
1081 797 1237 861 Mediceus

233 936 399 997 eorumque
429 913 590 978 familiares
618 920 681 978 tam
711 915 871 978 verborum
899 923 929 978 et
960 915 1105 979 orationis
1129 924 1237 979 ornatu

232 1054 323 1115 quam
350 1032 511 1117 praeclaris
534 1033 692 1097 sententiis
715 1039 806 1116 atque
833 1033 929 1096 effatis
954 1056 1079 1097 arcanae
1103 1034 1234 1117 quadam

232 1151 395 1235 sapientiae
423 1152 521 1235 specie
545 1151 710 1229 involutis,
735 1151 847 1235 quibus
871 1152 927 1216 hae
950 1152 1095 1237 epistolae
1118 1153 1234 1229 nitent,

36 1264 39 1271 ¹
74 1342 78 1349 Ι
173 1268 179 1275 ’
230 1269 274 1331 ite
302 1269 383 1355 capti
406 1274 494 1346 sunt,
519 1275 555 1332 ut
578 1269 794 1353 pulcerrimum
817 1293 867 1334 eas
890 1268 1036 1334 baberent
1059 1269 1233 1334 excellentis

230 1387 346 1471 ingenii
379 1395 409 1449 et
436 1387 602 1473 sapientiae
634 1411 726 1473 prope
757 1387 877 1451 divinae
901 1411 994 1473 opus,
1018 1388 1100 1453 unde
1128 1389 1166 1452 ad
1195 1390 1235 1452 vi-

230 1513 292 1570 tam
320 1506 473 1590 publicam
505 1514 535 1570 et
563 1506 776 1585 domesticam,
810 1507 848 1570 ad
871 1505 1150 1571 scientiamrerum
1173 1516 1235 1571 tam

229 1624 401 1688 divinarum
439 1648 530 1709 quam
565 1625 767 1690 humanarum
802 1625 991 1689 saluberrimi
1026 1626 1143 1688 fructus
1168 1628 1234 1710 capi

229 1753 361 1827 possent.
378 1744 401 1827 Ι)

274 1865 415 1925 Attamen
441 1863 505 1947 jam
527 1862 607 1925 inter
630 1868 743 1926 veteres
766 1862 977 1946 grammaticos
999 1862 1092 1925 fuisse
1116 1861 1169 1944 qui
1194 1884 1231 1923 ex

228 1981 424 2066 epistolarum
447 1980 568 2045 illarum
591 2004 718 2046 numero
742 2004 834 2044 unam
850 1982 1035 2066 alteramque
1051 1981 1232 2058 eximerent,

227 2108 352 2187 apparet
382 2123 417 2163 ex
445 2101 668 2184 antiquioribus
692 2100 864 2178 codicibus,
893 2102 947 2184 qui
970 2100 1125 2185 Ilpistolae
1149 2100 1232 2162 XIII

227 2219 404 2282 adscribunt
434 2216 591 2297 νοθεύεται,
624 2242 750 2303 eamque
781 2219 884 2283 omisit
905 2220 938 2283 in
961 2220 1098 2283 versione
1121 2200 1232 2282 Latina

227 2338 359 2402 Fieinus.
377 2338 447 2400 Duo
463 2345 563 2402 autem
575 2338 709 2415 codices,
724 2338 969 2402 Vindobonensis
987 2346 1017 2402 et
1029 2339 1231 2416 Matritensis,

227 2458 316 2521 etiam
338 2456 493 2541 Epistolae
509 2456 575 2521 XII
591 2457 798 2542 subscriptum
813 2457 927 2522 habent
945 2458 1134 2535 ἀντιλέγεται
1150 2460 1185 2529 ὡς
1201 2461 1232 2522 οὐ

226 2574 390 2646 Πλάτωνος.
404 2569 438 2658 9)
451 2574 551 2654 Quam
575 2583 678 2639 notam
701 2598 763 2639 non
785 2575 873 2639 video
889 2598 943 2639 cur
958 2575 1031 2643 item
1047 2575 1086 2638 ad
1102 2576 1231 2660 priorem

224 2693 326 2772 illam,
343 2693 426 2757 XIII
442 2693 525 2772 dioc,
541 2695 780 2760 transferendam
795 2702 956 2779 putemus,
969 2701 1005 2758 11
1018 2696 1104 2758 Astio
1117 2694 1233 2779 placuit

225 2813 349 2897 (Plato's
372 2786 446 2877 Leb.
470 2837 500 2877 1.
526 2813 611 2878 Schr.
635 2838 664 2899 p.
691 2817 752 2880 527
777 2817 871 2898 not.):
896 2815 969 2878 baec
993 2813 1072 2878 enim
1101 2813 1231 2898 epistola

224 2932 268 2995 ita
298 2940 470 3018 comparata
493 2940 555 3011 est,
579 2940 615 2997 11
637 2956 726 2997 nemo
751 2934 805 3017 qui
828 2933 911 2996 illam
936 2941 1059 3018 respuat
1085 2934 1158 2996 huic
1180 2956 1232 3018 pa·

122 3114 129 3123 ,
223 3051 367 3115 trocinari
390 3060 491 3135 queat.
531 3051 675 3116 Ceterum
698 3051 735 3117 ab
755 3053 814 3116 isto
836 3053 906 3116 inde
922 3059 1057 3137 tempore
1079 3051 1231 3135 usquead

225 3170 357 3233 medium
370 3171 526 3234 saeculum
542 3170 665 3249 XVIII,
679 3171 836 3256 Epistulae
848 3194 910 3235 uno
922 3172 1058 3235 omnium
1071 3171 1229 3236 doctorum

223 3310 372 3364 consensu
388 3312 442 3374 pro
459 3290 609 3373 germanis
625 3289 762 3354 Platonis
779 3291 922 3375 operibus
939 3297 1011 3355 sunt
1027 3291 1164 3368 habitae,
1182 3313 1230 3354 ex·
1249 3286 1255 3297 '

223 3413 311 3490 cepta
333 3405 433 3485 XIII,
455 3429 548 3490 quam
567 3380 821 3472 vAldobrandinus
845 3408 895 3492 (ad
919 3408 1008 3492 Diog.
1033 3408 1134 3472 Laert.
1159 3407 1227 3486 III,

224 3527 277 3609 61)
308 3532 338 3588 et
368 3524 534 3590 Cudworth
565 3525 656 3612 (Syst.
685 3527 830 3590 intellect.
855 3525 919 3604 IV,
945 3529 998 3611 23)
1022 3527 1133 3610 aliique
1156 3549 1229 3590 non-

254 3769 279 3829 1)
296 3768 350 3818 Vid.
372 3785 393 3827 e,
410 3785 434 3833 g.
456 3768 553 3818 licinus
570 3769 594 3817 in
612 3773 693 3818 annot.
710 3770 739 3818 111
756 3769 834 3833 Epist.
852 3770 890 3828 II,
909 3769 934 3819 in
952 3786 997 3833 qua
1015 3768 1160 3832 „mysteria”
1182 3769 1227 3818 sibi

220 3862 338 3912 invenisse
361 3863 484 3913 ridebatur
506 3880 581 3927 „quae
598 3865 685 3913 mirum
703 3865 727 3913 iu
745 3865 842 3914 modum
860 3868 985 3929 praecepta
1002 3865 1144 3928 Euangeliou
1162 3881 1227 3914 eom·

207 3956 348 4023 *probant.’'

252 4053 350 4115 2))1111.
368 4055 549 4112 Westermann,
566 4054 603 4103 De
620 4054 763 4118 Epistolog'r.
782 4055 823 4103 Gr.
843 4055 899 4103 Pars
917 4055 1015 4118 septIma
1033 4055 1059 4103 in
1070 4055 1226 4119 Prognbipa.

220 4150 299 4207 1854,
317 4164 387 4213 quem
405 4149 489 4198 ducem
506 4148 532 4198 in
549 4149 586 4197 bis
604 4165 698 4213 aequor.
1086 4155 1089 4160 '
