2746 4950
655 360 717 419 124

179 590 235 628 των
257 566 423 645 ανθρώπων,
447 567 591 640 Ἑλλήνων
614 566 660 628 καί
682 564 853 644 βαρβαρων,
870 564 1014 641 λοίμφασ’
1034 563 1071 628 ίιν
1089 566 1193 636 ἱκανῶς

179 683 264 760 δόξαν
288 686 451 764 παρέστησε
475 690 549 749 πασι
572 687 624 760 τὴν
647 686 750 759 αλκίῆ.
772 685 793 768 Ι)

224 802 373 886 Quisquis
389 803 463 866 haec
478 803 568 887 legit,
586 803 723 886 agnoscit
739 802 836 879 verbis
852 800 914 864 illis
930 823 1112 884 expressum
1130 823 1193 864 esse

180 921 376 985 nobilitatum
393 921 471 985 illud
483 922 620 984 Platonis
637 920 822 1006 paradoxon,
836 920 872 983 de
884 919 958 1004 Rep.
971 918 1010 996 V,
1026 943 1057 1003 p.
1072 922 1140 984 473
1154 918 1191 982 C:

179 1040 229 1104 έίιν
244 1041 286 1117 μὴ
305 1040 320 1115 ἢ
337 1042 361 1104 οἱ
377 1040 531 1123 φιλόσοφοι
546 1041 759 1118 βασιλεύσωσιν
777 1040 805 1103 έν
820 1047 886 1109 ταῖς
903 1037 1020 1102 πόλεσιν
1034 1037 1051 1113 ἢ
1064 1039 1087 1101 σί
1100 1037 1192 1115 βασι-

179 1166 240 1229 λεῖς
268 1184 302 1222 τε
332 1164 379 1223 νῦν
405 1159 557 1237 λεγόμενοι
584 1159 633 1223 καί
657 1157 795 1223 δυνίσται
819 1157 1039 1238 φιλοσοφήσωσι
1064 1157 1191 1233 γνησίως

178 1302 212 1342 τε
243 1279 292 1342 καί
316 1279 437 1352 ἱκανῶς,
461 1279 510 1342 καί
536 1285 619 1342 τοῦτο
641 1279 680 1349 είς
702 1276 809 1341 ταύτὸν
832 1274 983 1353 ξυμπέσῃ,
1007 1273 1136 1351 δύναμίς
1159 1300 1192 1338 τε

179 1397 312 1470 πολιτικὴ
343 1396 391 1459 καί
422 1396 603 1478 Φιλοσοφία,
634 1433 679 1443 -
707 1396 757 1459 οὐκ
787 1395 847 1459 ἔστι
873 1399 968 1456 κακῶν
991 1399 1101 1456 παῦλα
1125 1400 1191 1464 ταῖς

179 1513 312 1585 πόλεσιν,
333 1514 401 1578 δοκῶ
421 1515 517 1578 δὀὐδὲ
540 1517 580 1594 τῷ
602 1513 762 1592 ιὶυίρωπίνῳ
784 1513 869 1589 γένει.
894 1510 973 1574 Ibid.
987 1510 1052 1588 VI,
1079 1535 1109 1595 p.
1125 1515 1189 1574 499

178 1633 222 1695 B:
247 1632 388 1710 ἐλέγομεν
400 1682 409 1710 ,
424 1633 478 1697 ὑπὸ
490 1634 631 1707 τοίλκίοῦς
650 1630 880 1712 ἠναγκασμένοι,
894 1628 935 1694 ὅτι
947 1630 1013 1694 οὔτε
1024 1629 1112 1701 πόλις
1125 1630 1192 1694 οὔτε

179 1755 313 1817 πολιτεία
327 1789 328 1792 ¹
342 1753 404 1816 οὐδὲ
435 1755 466 1828 γ’
477 1753 546 1832 ανὴρ
576 1753 675 1828 ὁμοίως
699 1752 813 1829 μήποτε
837 1749 957 1827 γένκται
981 1749 1101 1825 τέλεος,
1128 1749 1191 1828 πρίν
1245 1830 1247 1834 7

178 1867 214 1934 ίιν
236 1878 295 1941 τοῖς
318 1871 553 1952 φιλοσόφοις...
577 1870 695 1946 ιἰναγκή
716 1894 760 1940 τις
783 1869 815 1932 ἕκ
837 1874 932 1948 τυχῆς
955 1867 1125 1948 παραβάλῃ
1138 1917 1146 1931 .
1161 1919 1190 1933 ..

179 1989 289 2060 πόλεως
313 1992 536 2066 ἐπιμεληθῆναι,
551 2041 557 2055 .
573 2039 603 2055 ..
629 1988 645 2064 ἢ
668 1994 723 2053 τῶν
745 1993 793 2053 νῦν
816 1990 845 2052 ἐν
867 1986 1048 2057 δυναστείαις
1082 1987 1098 2063 ἢ
1130 1987 1191 2064 βοι-

178 2112 298 2179 σιλείαις
340 2106 425 2172 ίυτων
463 2108 548 2173 υἱέσιν
587 2109 603 2184 ἢ
632 2112 730 2179 αὐτοῖς
765 2108 797 2173 έκ
827 2130 900 2177 τινος
929 2105 1005 2176 θείας
1034 2105 1190 2179 ἐπιπνοίας

176 2230 310 2303 ἀληθινῆς
333 2229 510 2308 φιλοσοφίας
533 2229 662 2302 αλυθινὸς
685 2227 751 2307 έρως
774 2227 896 2305 ἐμπέσῃ.

222 2328 286 2426 Qui
302 2346 357 2410 hos
372 2346 455 2410 looos
471 2369 542 2410 oum
557 2346 713 2430 Epistolae
728 2344 826 2409 verbis
843 2342 1079 2428 comparaverit,
1097 2364 1190 2426 agno

178 2472 241 2529 soet
257 2466 415 2529 amborum
430 2472 547 2528 tantam
568 2488 709 2529 essenon
725 2464 824 2527 solum
841 2462 1007 2526 sententiae
1023 2460 1078 2524 sed
1096 2460 1190 2524 etiam

178 2583 339 2646 verborum
363 2584 610 2662 similitudinem,
636 2591 671 2647 ut
702 2583 831 2647 alterum
863 2604 897 2646 ex
929 2580 1025 2644 altero
1049 2578 1189 2643 effictum

178 2724 243 2765 esse
284 2702 442 2766 manifeste
474 2711 625 2787 appareat.
673 2701 834 2765 Eiusmodi
872 2699 1019 2777 imitatio,
1055 2699 1188 2797 opinor,

177 2820 236 2904 ipsi
260 2821 378 2884 auctori
401 2821 546 2905 imputari
569 2822 685 2906 nequit.
721 2820 780 2884 Sed
796 2820 855 2883 hoo
877 2827 914 2883 ut
933 2818 1089 2895 omittam,
1106 2817 1189 2881 illud

178 2947 321 3002 enostro
352 2939 419 3002 loco
453 2940 608 3023 sequitur,
644 2940 820 3024 scriptorem
852 2944 975 3022 putasse
1006 2958 1084 3020 opus
1117 2936 1186 3016 Περὶ

178 3056 328 3128 πολιτείας
352 3080 369 3120 a
388 3057 516 3121 Platone
540 3065 611 3121 ante
634 3057 839 3142 compositum
863 3077 1037 3138 essequam
1059 3076 1189 3138 peregre

177 3176 330 3260 profectus
347 3183 441 3240 esset:
469 3177 501 3239 id
517 3183 688 3240 monstrant
711 3175 823 3240 diserte
838 3175 929 3239 verba
944 3174 1034 3236 haee:
1060 3171 1188 3250 λέγειν

176 3297 204 3358 τ’
224 3293 424 3370 ἠναγκάσθην,
458 3298 610 3360 ἐπαινῶν
645 3305 705 3369 τῆν
739 3295 833 3374 σ’ρίίιν
862 3292 1083 3374 φιλοσοφίαν
1116 3293 1188 3356 κτέ.

177 3411 256 3476 Nam
278 3413 402 3476 effatum
418 3413 513 3490 illud,
537 3414 721 3498 imperantes
744 3436 809 3476 esse
833 3411 1030 3497 philosophos
1054 3409 1185 3488 debere,

178 3532 342 3595 arctissime
373 3532 514 3596 cohaeret
537 3556 607 3597 cnm
631 3541 683 3608 τῆς
706 3535 783 3613 σ’ρθῆς
806 3531 984 3612 φιλοσοφίας
1007 3530 1130 3595 ratione
1157 3538 1190 3595 et

176 3672 311 3726 munere,
324 3650 356 3712 in
369 3673 459 3735 opere
471 3651 524 3714 illo
537 3652 706 3736 descriptis.
731 3649 778 3714 Ne
790 3651 859 3733 quis
872 3657 973 3713 autem
986 3647 1112 3734 objiciat
1125 3674 1189 3714 ver·

176 3768 250 3832 bum
262 3769 358 3846 λέγειν
370 3777 504 3854 spectare
517 3771 555 3834 ad
567 3794 729 3849 sermones,
738 3794 798 3834 non
812 3770 850 3834 ad
863 3770 989 3855 scriptas
1002 3767 1190 3852 disput-atio-

211 4045 234 4105 l)
252 4045 340 4094 Eadem
364 4046 482 4094 sententia
504 4045 641 4095 eniintiatur
657 4047 734 4112 Epist.
754 4047 793 4114 ΙΙ,Ι
816 4063 838 4112 p.
858 4048 905 4096 310
925 4047 958 4096 E:
983 4055 1067 4115 πέφυκε
1088 4050 1188 4107 ξυνιέναι

176 4145 207 4199 εἰς
224 4144 295 4194 ταὺτὸ
307 4144 412 4211 φρόνησίς
429 4164 455 4194 τε
473 4147 510 4198 καὶ
529 4144 622 4210 δύναμις
637 4147 733 4208 μιγάλη.
