2746 4950
651 322 711 383 190

222 529 318 594 Totus
341 531 391 594 hio
414 528 500 594 loeus
523 529 654 594 colorem
677 530 769 597 tetert
791 529 1005 612 Platonicum
1027 535 1190 600 oonoinna-

178 658 228 714 tus
260 658 306 714 est
328 649 494 714 Platonicis
521 649 620 713 verbis
644 656 674 713 et
697 649 805 728 dictis,
830 649 883 714 sed
904 673 942 715 ea
963 674 1024 716 neo
1049 661 1124 739 apte
1147 677 1190 719 oo

179 770 304 833 haerent
327 776 357 833 et
380 791 397 832 a
419 767 556 832 Platonis
580 768 729 832 sententia
752 791 786 832 ao
809 778 910 834 mente
934 770 1090 836 aberrant.

221 887 324 952 Primo
346 887 439 956 dicit:
464 885 524 951 ἔστι
547 888 613 964 τοόοι
635 888 669 951 δι’
692 883 728 951 ὧν
750 887 802 962 aa
823 889 986 966 ἐπιστήμην
999 890 1123 968 ἀνάγκη
1136 917 1188 956 τοι·

176 1007 380 1084 potionata,
412 1006 518 1087 όνομοι,
550 1004 654 1086 λόγος,
679 1004 803 1072 εἴδωλον.
849 1006 978 1072 Initium
1008 1002 1088 1087 hoo',
1110 1009 1189 1074 unde

176 1133 241 1190 tota
264 1125 434 1210 disputatio
457 1124 588 1209 pendet,
613 1125 799 1210 descriptum
821 1133 867 1190 est
885 1127 960 1211 ipsis
976 1150 1076 1212 paene
1092 1129 1188 1194 verbis

177 1267 193 1307 e
224 1244 302 1307 libro
330 1242 367 1306 de
398 1241 493 1327 Legg.
525 1242 572 1321 X,
596 1266 626 1328 p.
652 1246 714 1306 895
739 1243 786 1322 D,
810 1244 863 1308 ubi
885 1244 996 1330 hospes
1022 1247 1188 1312 Athenien·

177 1362 236 1440 sis,
268 1362 360 1425 animi
388 1361 595 1426 definitionem
619 1361 762 1439 daturus,
786 1362 1027 1447 disputationem
1052 1365 1102 1429 his
1130 1389 1189 1431 ver·

177 1480 224 1544 bis
254 1479 446 1564 aggreditur:
481 1481 548 1559 ς’Δι’
574 1482 624 1544 οὐκ
645 1479 681 1543 όιν
703 1481 805 1553 ε’όέλοις
829 1481 890 1561 περὶ
914 1479 1039 1546 ἕκιιττον
1063 1484 1132 1561 epta
1153 1509 1189 1548 νο

177 1605 233 1673 εἴν,
262 1593 291 1662 ἓν
321 1599 375 1676 μὲν
397 1600 450 1672 τὴν
472 1599 585 1673 οόσόοιν,
610 1597 639 1662 ἓν
658 1599 687 1663 δὲ
710 1608 762 1674 τῆς
784 1601 882 1673 οὐσίτις
905 1600 954 1665 τόν
976 1599 1086 1679 λόγον,
1111 1601 1141 1667 ἓν
1163 1604 1188 1668 δὲ

175 1718 209 1781 τό
240 1717 338 1794 όνομιι.
363 1718 499 1802 Apparet
518 1725 620 1781 tamen
644 1717 822 1782 discrimen:
845 1718 934 1783 Plato
955 1730 1110 1785 memorat
1127 1732 1189 1787 tan·

176 1844 242 1900 tum
266 1845 319 1910 τῆς
341 1837 439 1906 οὐτόοις
459 1836 547 1912 όνομοι
569 1843 599 1899 et
617 1834 721 1918 λόγον,
742 1858 804 1900 non
824 1837 909 1901 addit
920 1836 1048 1906 εἴδωλον.
1070 1841 1189 1920 ’Όνομιι

177 1962 222 2019 est
252 1977 351 2019 ιοοιιοονι
374 1976 435 2038 quo
459 1977 506 2017 res
530 1961 669 2032 notatur,
685 1954 771 2031 λόγος
787 1957 941 2039 descriptio
964 1957 1012 2022 vel
1038 1961 1189 2043 (testatio,-

177 2073 266 2137 ambo
294 2073 368 2138 haee
399 2096 488 2158 saepe
511 2073 594 2158 apud
616 2072 775 2138 Platonem
798 2075 940 2161 copulata
962 2076 1131 2162 leguntur,
1157 2087 1190 2143 ut

176 2193 209 2255 in
236 2191 385 2270 Politioo,
413 2214 443 2276 p.
469 2194 531 2257 271
556 2190 598 2255 G:
622 2192 671 2257 κοιὶ
695 2203 831 2270 γηγενεῖς
854 2194 886 2268 δὴ
908 2195 990 2259 κιιτόι
1013 2202 1119 2279 τοῦτον
1142 2197 1189 2262 τὸν

64 2316 68 2336 ¹
176 2310 263 2387 atyn
293 2309 326 2386 ἐξ
354 2309 487 2388 οὶνοόνκνς
517 2309 674 2392 Φνομὲνους
701 2309 788 2383 οὕτως
811 2311 890 2392 ἔχειν
912 2313 1042 2389 τοόνομοο
1066 2315 1118 2378 κοοὶ
1143 2315 1189 2380 τόν

175 2431 273 2509 λόγον.
308 2427 393 2509 Quid
416 2437 517 2492 autem
546 2437 592 2492 est
611 2427 748 2494 εἴδωλονό
772 2431 919 2493 Anostro
935 2438 1065 2495 vocatur
1077 2434 1190 2520 effipia

176 2572 227 2612 seu
249 2551 353 2632 Jtporo
376 2549 419 2611 rei
443 2548 499 2612 sub
523 2570 647 2611 sensum
672 2547 798 2627 cadens,
823 2557 859 2614 ut
881 2557 1006 2636 apparet
1028 2573 1069 2616 ex
1092 2576 1190 2618 exem·

177 2667 227 2752 plo
260 2689 320 2751 quo
353 2667 452 2730 utitur
481 2672 531 2732 τοῦ
563 2668 687 2750 κύκλου,
720 2669 806 2731 ouius
829 2667 942 2734 εἴδωλον
965 2669 1041 2734 dicit
1067 2673 1189 2738 essaei

176 2785 415 2868 ζυγροοφοόμενον
446 2784 494 2849 axi
524 2785 716 2862 τορνευόμενον
744 2788 793 2851 aa)
823 2785 1048 2871 ἐξαλειφόμενον
1082 2816 1116 2855 τε
1139 2791 1200 2877 κοιό

177 2907 395 2983 ἀπολλύμενος
428 2927 445 2968 a
475 2904 604 2968 Platone
634 2913 736 2969 autem
767 2906 890 2984 εἷόυλοι,
914 2907 934 2970 i.
959 2929 984 2970 a.
1008 2907 1189 2989 ον’ννιμόοονο,

177 3047 264 3108 saepe
288 3023 480 3108 appellantur
503 3046 538 3087 ea
561 3011 638 3107 quae
661 3025 799 3089 sensibus
823 3025 1052 3109 percipiuntur,
1073 3030 1191 3115 quippo

176 3166 254 3228 quae
278 3144 339 3206 sint
362 3143 449 3225 quasi
471 3140 572 3214 εἴκονες
596 3147 651 3206 τῶν
674 3141 775 3226 όντων,
800 3165 931 3226 quorum
951 3144 1191 3213 similitudinem

177 3262 224 3324 vel
240 3261 341 3345 potius
356 3260 495 3324 umbram
507 3260 648 3323 referant.
674 3259 722 3324 Ita
737 3261 770 3324 in
785 3261 914 3326 Phaedr.
928 3285 957 3347 p.
972 3265 1035 3328 276
1050 3266 1101 3344 A,
1115 3269 1129 3334 ό
1141 3292 1191 3344 γε·

175 3378 342 3460 γρμμμόνος
365 3377 452 3453 λόγος
477 3384 601 3441 vocatos
619 3378 732 3443 εἴδωλον
750 3386 801 3444 τοῦ
820 3380 909 3457 λόγου
928 3377 958 3453 ός
976 3383 1043 3458 μετ’
1066 3384 1191 3462 ἐπιστή-

176 3524 234 3575 μης
264 3498 415 3580 γρόφετοιι
447 3498 476 3560 ἐν
494 3508 530 3579 τῇ
554 3502 604 3562 τοῦ
627 3496 817 3574 μοινόοόνοντος
839 3505 936 3582 ψυχῇ.
966 3498 1007 3562 Et
1029 3500 1063 3563 in
1090 3502 1188 3589 Soph.

176 3641 206 3702 p.
243 3619 305 3680 239
338 3615 383 3694 D,
414 3636 510 3699 quum
541 3614 650 3698 hospes
678 3613 833 3679 Eleatious
864 3617 983 3700 quaerit
1013 3619 1092 3702 quid
1127 3624 1190 3688 sint

176 3734 298 3812 εἴδωλον,
321 3733 504 3797 Theaetetus
527 3733 570 3796 ita
592 3731 771 3818 respondet:
788 3734 870 3809 δῆλον
887 3732 929 3801 ότι
944 3736 1081 3816 φήσομεν
1103 3743 1147 3807 τόν
1162 3747 1191 3808 τ’

176 3857 204 3917 ἑν
235 3860 293 3925 τοῖς
324 3851 406 3916 itaet
429 3851 478 3916 κοοὶ
502 3851 671 3930 κατόπτροις
695 3850 820 3928 sidona,
845 3853 887 3917 ἔτι
909 3853 959 3918 aa}
981 3855 1022 3918 τόν
1042 3881 1187 3940 γεγραμ-

175 3971 250 4046 μένοι
273 3970 322 4034 κοόι
345 3969 385 4034 τόι
408 3970 600 4046 τετντοιμόνοι
624 3968 671 4032 aa)
696 3963 798 4033 τόλλοι
821 3967 875 4035 dea
896 3997 950 4037 του
969 3978 1085 4038 τοιοῦτ’
1108 3980 1188 4044 ἐστὶν
