2746 4950
649 356 712 417 253

635 563 724 626 XIX.

223 741 262 805 In
286 742 445 828 Sophoclis
469 743 625 829 Antigona
651 767 755 808 versus
781 748 953 812 cco-679
966 773 985 809 ι,

311 864 347 927 σὺ
369 861 435 926 δὀὐ
459 862 596 945 πέψοκοις
621 861 723 927 ccciccc
746 872 935 948 προσκοπεῖν,
959 862 1015 930 ὅσοι

311 980 394 1058 λέγει
418 1006 462 1052 τις
493 980 510 1054 ἢ
534 981 656 1061 coderet
678 1007 722 1053 τις
747 983 763 1058 ἢ
787 983 891 1063 ψέγειν
915 983 1000 1064 ἔχει·

311 1099 345 1165 τὸ
368 1099 427 1182 γοὶρ
452 1100 501 1164 σοι
523 1099 608 1179 ὅμμοι
631 1101 715 1166 δεινὸν
738 1101 815 1182 ἀνδρὶ
837 1103 946 1186 δημότῃ

313 1218 410 1296 λέγοις
432 1219 564 1291 τοιούτοις
588 1215 626 1292 οἷς
651 1221 686 1285 σὺ
709 1222 751 1297 μὴ
775 1221 873 1302 τέρψει
892 1222 1004 1305 κλύοι,

180 1337 223 1401 sic
245 1337 487 1422 transponendos
512 1362 576 1403 esse
600 1362 724 1404 censeo:

796 1457 850 1524 ὅσοι

313 1577 394 1654 λέγει
412 1602 456 1649 τις
480 1578 497 1651 ἢ
521 1578 644 1657 ccciccc
673 1603 717 1650 τις
742 1578 758 1654 ἢ
781 1579 886 1658 ψέγειι
914 1579 978 1661 ἔχει

314 1697 411 1773 λέγοις
434 1698 566 1769 τοιούτοις
589 1692 628 1770 οἷς
652 1699 687 1761 σὺ
711 1700 753 1776 μὴ
776 1699 874 1778 τέρψει
898 1700 1012 1764 κλύων·

316 1815 349 1879 τὸ
372 1816 431 1896 γοὶο
454 1817 502 1881 τὸν
527 1815 611 1894 icccc
634 1816 718 1880 δειιὸι
740 1816 816 1897 ἀνδρὶ
841 1816 963 1898 δημότῃ.

653 2024 723 2089 ΧΧ.

229 2202 267 2267 In
291 2167 449 2289 Sophoclis
473 2203 592 2288 Oedipo
616 2203 767 2280 (Dolonem
793 2228 835 2268 ve.
861 2208 945 2268 409:

627 2323 710 2403 κροιτὶ
734 2323 757 2386 δ’
771 2325 934 2404 ἡλιοοτερὴς

318 2448 386 2514 κυνῆ
410 2441 550 2520 τρόοοιιτοο
574 2441 722 2512 Θεσοοιλές
745 2466 784 2505 ιιι
807 2443 956 2522 οὶμτέχει,

184 2584 239 2647 pro
259 2563 421 2641 ἡλιοστερής
442 2559 605 2644 legendum
633 2561 760 2645 conjicio
785 2562 974 2638 ἡλιοοτεγής,
995 2564 1082 2642 colec
1106 2562 1192 2624 colem

184 2705 292 2748 οοοοιιο.

645 2857 733 2923 XXI.

232 3041 374 3106 Severum
400 3040 437 3104 de
464 3040 508 3103 M.
534 3038 664 3103 Aemilio
688 3038 801 3102 Scauro
822 3039 975 3125 judicium
999 3038 1139 3103 Sallustii
1162 3040 1192 3102 in

186 3160 265 3225 Bell.
295 3159 368 3244 Jug.
398 3182 423 3223 c.
458 3161 515 3236 15,
547 3180 609 3222 non
637 3157 766 3242 impedit
788 3158 952 3241 quominus
972 3159 1040 3243 jure
1064 3157 1193 3221 Scauros

186 3280 267 3345 inter
289 3277 440 3363 principes
464 3300 536 3340 suae
559 3277 666 3340 aetatis
689 3275 769 3338 viros
788 3276 945 3340 nominare
961 3275 1082 3339 licuerit
1099 3275 1193 3339 Hora-

187 3401 248 3478 cio,
272 3398 370 3463 Oarm.
395 3397 429 3475 I,
456 3399 515 3476 12,
539 3421 581 3461 ve.
607 3400 659 3463 37.

638 3606 743 3671 XXII.
805 3670 809 3678 .

232 3788 271 3853 In
293 3787 416 3853 Horatii
439 3786 538 3851 Germ.
563 3786 598 3865 I,
622 3789 683 3865 37,
707 3810 750 3850 ve.
777 3790 837 3850 24:

681 3929 737 3971 nee
759 3907 888 3970 latentes
957 3937 959 3941 ⁷

324 4026 427 4091 Oiasso
451 4027 511 4090 cita
533 4027 683 4109 reparavit
706 3999 783 4091 ores,

188 4155 219 4212 et
242 4168 347 4210 sensus
371 4153 401 4210 et
422 4145 529 4230 lingue
552 4145 682 4210 suadent
704 4145 765 4230 legi
780 4143 961 4228 properavit.
