2746 4950
660 369 722 426 alls

189 573 233 636 ita
265 582 438 658 comparata
471 588 543 636 sunt
578 582 613 636 ut
643 572 782 656 Pythiam
809 573 911 656 potius
944 595 1040 656 qnam
1067 573 1200 657 pbiloso

189 692 285 777 phum
316 691 422 756 andire
452 701 483 756 te
513 691 626 756 credas.
673 690 765 770 Quod
793 692 882 755 initio
911 691 1027 756 dicitur
1051 692 1089 758 τὸ
1111 694 1200 774 σφω’·

186 835 255 889 ραν,
281 810 356 895 quid
379 811 545 895 significet,
570 810 742 875 obscurum
789 809 948 875 Probabile
979 812 1115 896 opinor,
1142 812 1199 896 sig-

187 931 303 993 nificari
340 952 402 993 non
437 930 546 1015 pilam,
578 938 685 993 notum
716 929 843 1005 ludum,
876 938 912 992 ut
942 928 1096 993 Comario
1119 930 1198 994 vide

188 1049 277 1112 batur
299 1047 415 1134 (Eclog.
439 1047 504 1125 IX,
528 1073 558 1134 p.
585 1050 674 1132 134),
699 1047 751 1112 sed
774 1047 933 1133 sphaeram
948 1050 1196 1113 astronomicam.

186 1168 295 1252 Itaque
331 1176 444 1251 spectat
477 1168 524 1230 bis
555 1168 653 1231 verbis
683 1176 778 1244 tecte,
814 1177 850 1230 ut
880 1168 960 1231 inter
991 1169 1128 1245 amicos,
1159 1167 1197 1231 ad

186 1286 325 1371 Dionysii
356 1285 492 1350 studium
523 1287 736 1370 geometricas,
769 1308 830 1370 qua
858 1284 1003 1350 imbuisse
1026 1309 1101 1351 enm
1125 1288 1197 1350 fere

187 1406 277 1469 batur
298 1405 388 1469 naa
411 1405 483 1488 (aa.
508 1405 565 1490 ap.
589 1405 655 1482 m,
679 1429 709 1490 p.
734 1408 797 1468 319
820 1404 866 1488 c).
890 1403 949 1468 sea
965 1382 1126 1489 quidquid
1141 1408 1198 1491 sg-

185 1525 302 1601 nificat,
318 1534 401 1609 patet
418 1525 474 1587 hoc
491 1524 628 1588 additum
645 1548 724 1602 esse,
737 1535 773 1588 ut
784 1524 938 1610 Epistolae
950 1525 1115 1589 familiaris
1128 1548 1195 1589 con·

184 1643 355 1706 suetudinis
387 1643 469 1708 color
500 1643 708 1721 induceretur,
734 1652 768 1707 ut
791 1653 870 1708 recte
892 1645 1038 1728 opinatur
1067 1647 1195 1722 estius,

186 1761 263 1825 libro
287 1761 369 1825 laud.
394 1785 423 1846 p.
449 1764 523 1825 513.

229 1878 316 1960 Quae
331 1888 433 1944 autem
449 1880 589 1965 deinceps
609 1880 769 1965 leguntur:
790 1880 852 1960 aspi
870 1880 919 1944 τὸν
930 1881 1049 1945 πάντων
1060 1881 1196 1958 βασιλέα

183 2000 272 2065 πάντ’
293 2000 354 2064 ἐστὶ
377 2000 426 2064 καὶ
450 2001 553 2064 ἐκείνου
576 1999 659 2064 ἕνεκα
675 2000 792 2079 πάντα,
815 1999 864 2063 καὶ
883 2001 970 2065 ἐκεῖνο
991 2000 1085 2064 αἴτιον
1102 2001 1197 2066 ἀπιέν-

182 2144 237 2182 των
263 2125 318 2182 τῶν
347 2125 459 2182 καὶαι·
490 2118 614 2197 δεύτερον
644 2119 673 2181 δὲ
704 2119 766 2198 περὶ
794 2119 835 2181 τὰ
866 2117 1000 2196 δεύτερα,
1024 2121 1075 2182 καὶ
1102 2119 1196 2198 τρίτοι

181 2236 243 2314 περὶ
259 2236 300 2300 τα
321 2238 423 2316 τρίτα,
445 2238 477 2299 in
501 2236 548 2299 bis
573 2237 684 2300 ultima
703 2235 795 2300 verba
810 2242 925 2299 attente
940 2234 1119 2319 legentibus
1136 2238 1194 2315 ita,

181 2356 305 2439 opinor,
336 2354 513 2438 corrigenda
543 2354 738 2431 videbuntur,
770 2361 888 2417 mutato
919 2360 1067 2417 accentu:
1100 2355 1136 2418 τὸ
1167 2356 1195 2419 δὲ

180 2471 305 2551 δεύτερα
328 2473 388 2551 πέρι
411 2475 452 2537 τὰ
474 2473 610 2556 δεύτερα,
636 2474 685 2537 καὶ
709 2473 741 2538 τὸ
761 2473 852 2552 τρίτον
868 2472 929 2550 πέρι
944 2474 984 2536 τα
999 2473 1107 2553 τρίτας
1134 2496 1195 2558 qua

179 2591 295 2655 ratione
318 2590 392 2654 haec
414 2592 599 2655 conveniunt
622 2615 690 2654 cum
717 2614 891 2676 praegresso
914 2591 976 2672 aspi
998 2576 1048 2656 aba
1071 2593 1194 2658 πάντων

178 2709 308 2787 βασιλέα
347 2711 411 2793 (qui
452 2711 532 2774 idem
570 2722 614 2773 est
650 2719 741 2794 atque
768 2711 801 2775 τὸ
838 2713 955 2793 πρῶτον)
987 2709 1076 2774 πάντ’
1100 2713 1192 2778 ἐστίν.

180 2827 239 2891 Oui
268 2830 431 2892 mutationi
455 2829 642 2914 suffragatur
663 2829 806 2893 <lustinus
834 2828 965 2913 Martyr,
997 2829 1051 2912 qui
1078 2830 1194 2895 ultima

180 2946 269 3010 verba
296 2955 416 3010 mutato
451 2947 557 3011 ordine
596 2949 639 3011 sic
673 2948 763 3011 citat:
798 2948 839 3011 τὰ
873 2947 902 3011 δὲ
936 2948 1021 3027 τρίτα
1056 2949 1122 3028 περὶ
1160 2950 1193 3014 τὸ

178 3066 278 3143 τρίτοι.
315 3064 427 3129 Sensus
451 3065 499 3128 hic
524 3073 587 3128 est:
613 3073 695 3143 „tres
721 3074 794 3129 sunt
818 3065 1035 3151 principiorum
1053 3067 1192 3148 gradus:

178 3184 293 3269 primus
325 3184 536 3268 complectitur
566 3192 676 3248 cuncta
705 3185 746 3248 rai
776 3184 875 3262 καλαί,
907 3205 1037 3266 quorum
1061 3184 1143 3249 deus
1169 3211 1193 3251 s.

177 3304 338 3384 τὸπρῶτον
362 3326 453 3366 causa
476 3312 522 3367 est
548 3312 578 3367 et
600 3304 780 3389 principium
791 3331 800 3381 ;
824 3303 901 3367 alter
923 3326 970 3367 res
993 3303 1124 3368 secundi
1146 3328 1194 3370 or·

178 3423 275 3500 dinis,
301 3445 429 3506 quarum
453 3423 638 3507 principium
662 3431 707 3486 est
729 3423 762 3486 τὸ
778 3423 920 3502 berlaum
945 3421 1054 3485 tertius
1074 3445 1124 3486 res
1147 3426 1194 3489 in·

177 3541 241 3603 fimi
260 3540 390 3617 ordiuiS,
415 3563 544 3624 quarum
565 3541 752 3626 principium
773 3548 819 3604 est
833 3541 867 3605 τὸ
882 3540 1004 3621 τρίτον.”
1039 3539 1193 3609 Ceterum

178 3659 251 3723 haec
279 3661 313 3724 δι’
335 3662 477 3738 αἰνιγμῶν
501 3661 660 3724 enuntiata
682 3661 748 3744 ipsa
772 3660 954 3724 obscuritate
977 3658 1193 3729 celebritatem

177 3786 265 3841 nacta
294 3786 375 3842 sunt.
423 3777 568 3842 Certatim
600 3779 681 3842 huno
712 3778 813 3842 locum
845 3800 907 3841 una
934 3800 1003 3841 cum
1026 3778 1127 3844 altero
1153 3806 1193 3848 ex

176 3895 314 3980 Epistola
345 3895 408 3973 VI,
441 3919 531 3980 quem
562 3920 632 3960 mox
663 3897 802 3976 afferam,
834 3897 999 3960 laudarunt
1028 3896 1192 3967 Ecclesiae

178 4015 298 4093 Patres,
322 4015 464 4079 lustinus
488 4016 621 4101 Martyr,
647 4016 873 4102 Athenagoras,
892 4015 1030 4080 Clemens
1051 4018 1192 4086 Alexan·

177 4133 297 4211 drinus,
321 4133 487 4212 Eusebius,
513 4134 660 4220 Cyrillus,
685 4136 754 4213 alii,
780 4137 832 4220 qui
856 4137 913 4200 sub
935 4136 982 4199 his
998 4136 1099 4201 verbis
1116 4141 1191 4205 sub-
