2746 4950
669 323 730 382 103

193 549 229 588 ea
252 526 425 591 conditione
448 535 484 590 ut
506 526 696 610 tyrannidem
720 528 752 591 in
774 527 929 603 βοοσιλείοιν
952 535 1049 590 vertat
1069 530 1110 611 (p.
1137 530 1200 589 356

194 645 221 705 A
241 646 297 728 sq).
343 644 462 708 Deinde
488 645 576 709 docet
601 645 821 730 rempublicam
844 646 887 709 sic
911 645 1110 710 ordinandam
1135 668 1200 710 esse

192 763 240 825 uti
271 769 359 827 antea
388 762 502 827 dictum
535 770 628 827 esset:
653 763 886 828 assentientibus
909 763 1031 848 regibus
1056 763 1200 828 creandos

192 868 258 943 esse
291 880 423 965 legatos,
460 881 512 965 qui
546 882 629 962 κύριοι
652 887 707 946 τῶν
733 882 901 960 διαλλαγῶν
924 890 1047 966 pactum
1070 882 1199 960 faciant,

192 1007 259 1062 tum
282 1000 500 1084 rempublicam
524 1001 664 1065 ordinent
679 1002 739 1079 ita,
755 1008 791 1064 ut
806 1002 941 1086 praesint
957 1024 1041 1086 reges
1055 1010 1199 1085 tanquam

192 1141 353 1202 sacrorum
377 1120 544 1199 antistites,
576 1120 624 1183 his
655 1118 805 1184 addantur
833 1119 955 1183 XXXV
978 1119 1197 1202 νοροοφιίλιοιιες,

193 1237 338 1321 quicum
362 1239 441 1318 δήμῳ
460 1247 489 1302 et
503 1239 596 1317 βουλῇ
613 1238 746 1303 debello
763 1247 793 1302 et
809 1261 882 1323 pace
898 1238 1077 1316 decernant,
1095 1238 1200 1303 iidem·
1230 1295 1232 1298 .

192 1378 251 1438 que
282 1357 343 1419 sint
369 1356 488 1440 judices
515 1355 637 1422 ίοονοίτον
659 1358 708 1421 aa>
731 1366 849 1439 φυγῆς,
874 1357 986 1421 additis
1010 1357 1127 1421 selectis
1150 1359 1197 1442 ju-

191 1474 311 1541 dicibus
340 1498 356 1539 e
378 1477 611 1560 magistratuum
634 1476 779 1560 collegiis.
810 1475 911 1550 ,Haeo
934 1477 1060 1540 consilia
1086 1478 1198 1540 fatetur

191 1592 301 1657 effectu
324 1593 457 1658 difficilia
481 1594 604 1678 quidem
628 1617 709 1672 esse,
732 1616 795 1658 non
810 1601 914 1658 tamen
927 1595 1070 1660 οίδιίνοιτοι.
1095 1593 1198 1675 Quare

190 1718 257 1774 orat
271 1735 310 1776 ue
325 1712 409 1797 prius
425 1713 589 1790 desistant,
614 1735 770 1797 quamea,
796 1735 874 1796 quae
889 1735 971 1776 nunc
987 1714 1049 1777 θεῖοι
1064 1713 1197 1793 ὀνείροισι

187 1829 346 1909 videntur,
370 1839 435 1896 rata
458 1839 489 1896 et
511 1832 616 1896 effecta
638 1830 836 1895 reddiderint.

229 2067 398 2152 Epistolam
429 2068 507 2132 hanc
536 2067 678 2132 nonnulli
711 2074 828 2152 partem
853 2090 916 2131 esse
940 2074 1125 2152 putaverunt
1148 2090 1196 2130 su·

183 2188 309 2273 periuris
342 2187 420 2251 male
451 2187 522 2251 inde
552 2186 723 2265 divulsam,
752 2195 820 2252 tum
851 2186 889 2250 ob
922 2187 1019 2271 prima
1050 2185 1195 2270 epistolae
1302 2231 1304 2237 s

184 2305 291 2370 verba:
322 2304 364 2371 “A
386 2307 411 2369 δ’
430 2305 466 2371 ίιν
490 2307 678 2381 διονονιίέντες
701 2306 840 2383 μοίλιστοι
866 2301 897 2370 εὖ
920 2304 1091 2386 πριίττοιτε,
1118 2326 1195 2388 quae

184 2447 245 2487 non
276 2424 456 2488 videbantur
483 2427 600 2510 justum
631 2426 756 2490 initium
786 2425 901 2502 facere,
934 2433 1000 2489 tum
1032 2423 1115 2508 quod
1137 2425 1194 2487 hac

181 2543 310 2628 epistola
340 2544 547 2608 contineretur
569 2547 585 2621 ἡ
608 2543 762 2622 ξυμβουλὴ
788 2542 943 2628 inpriore
968 2543 1097 2628 epistola
1121 2565 1188 2627 pro·

180 2661 281 2725 missa.
300 2663 360 2725 'At
382 2662 505 2727 initium
527 2670 607 2727 recte
630 2686 662 2726 se
685 2662 798 2739 habet,
823 2663 849 2724 si
864 2661 1131 2727 animadvertimus
1150 2685 1193 2724 sa

180 2780 361 2844 lutationem
384 2788 501 2865 partem
523 2804 587 2846 esse
610 2781 706 2867 ipsius
732 2780 893 2866 epistolae3
919 2803 1012 2864 quare
1028 2787 1192 2865 praeeunte

181 2899 357 2963 Hermanno
380 2900 617 2984 interpuugatur
639 2900 697 2964 hoc
721 2899 829 2963 modo:
855 2898 982 2989 Πλοίτων
1005 2907 1063 2970 τοῖς
1088 2900 1192 2970 Δίωνος

180 3017 287 3091 οἰκείοις
316 3043 351 3084 τε
381 3019 430 3083 aa>
461 3019 579 3104 ἑτοιίροις
610 3015 642 3084 εὖ
673 3017 810 3100 προίττειν
822 3066 831 3101 ,
862 3016 930 3082 tt·
943 3017 979 3082 ίιν
1002 3017 1191 3092 διανοηθέντες
1225 3088 1226 3092 ¹

181 3137 317 3214 μοίλιστοο
343 3133 375 3202 εὖ
396 3137 552 3219 πράττοιτε
574 3136 660 3210 darec
684 3137 856 3218 πειροίσομοοι
882 3135 1039 3213 διεξελθεῖν.
1087 3135 1191 3200 Simile

181 3264 227 3319 est
256 3255 379 3320 initium
409 3255 564 3342 Epistolae
595 3253 695 3334 XIII,
727 3256 810 3339 quod
840 3256 914 3319 item
944 3254 1022 3318 male
1045 3254 1123 3318 solet
1146 3255 1189 3317 in·

180 3363 340 3458 terpungi,
373 3375 416 3438 sic
440 3374 621 3460 legendum:
661 3375 815 3440 Πλοίτων
839 3373 1006 3452 Διονυσίῳ
1037 3373 1190 3452 τ’νροίννῳ

160 3498 421 3586 ιΣνροοιοονσιῶιι
448 3489 485 3557 εὖ
508 3491 676 3571 προίττειν
698 3494 778 3573 οίρχή
803 3516 844 3556 σοι
867 3500 920 3567 τῆς
943 3493 1097 3565 ἐπιστολῆς
1116 3491 1188 3556 ἔστω
1241 3559 1242 3562 ¹

180 3611 230 3675 κοοί
253 3609 320 3689 diua
343 3611 490 3690 ξύμβολον
512 3611 555 3677 ὅτι
577 3615 645 3693 παρ’
657 3613 727 3689 ἐμοῦ
745 3612 808 3676 ἐστί
817 3637 824 3674 :
849 3611 879 3674 h.
897 3634 922 3674 e.
939 3610 1116 3689 „salutandi
1132 3611 1189 3674 for·

181 3729 280 3793 mula:
323 3729 448 3794 Πλοίτονν
487 3730 623 3811 Διονυσίῳ
660 3727 692 3795 εὖ
730 3728 867 3810 προίττειν
901 3731 973 3813 (qua
1008 3738 1186 3813 personatus

179 3847 268 3912 Plato
291 3848 337 3912 uti
361 3849 438 3912 solet
460 3871 514 3934 pro
539 3849 656 3933 vulgari
678 3850 807 3929 χοιίρειν,
832 3848 869 3912 cf.
897 3871 989 3932 supra
1011 3870 1041 3932 p.
1072 3850 1111 3910 89
1130 3851 1187 3931 sq.)

181 3967 237 4031 tibi
267 3967 449 4033 documento
481 3969 538 4045 sit,
571 3968 648 4032 hanc
680 3966 838 4052 epistolam
869 3990 886 4030 a
914 3966 1041 4030 Platone
1065 3967 1186 4030 missam

182 4087 276 4152 esse.'’
321 4087 377 4151 Uti
411 4094 511 4150 autem
545 4088 619 4151 haee
653 4085 781 4172 epistola
814 4084 918 4169 (VIII)
948 4086 1066 4170 justum
1095 4086 1186 4150 habet
