2746 4950
665 348 725 407 149

190 549 253 626 IV,
285 573 314 634 p.
351 553 411 614 709
440 551 554 628 B-E,
586 554 646 615 tls
676 554 703 614 A
731 552 764 614 C.
812 553 896 633 Quid
920 563 1021 618 autem
1045 555 1103 618 sibi
1125 554 1192 619 vnlt

189 666 268 731 illud
301 668 455 748 μυριάνδρῳ
489 669 593 733 aaa?
638 669 735 749 Quasi
766 671 815 734 hic
846 680 952 756 agatur
975 672 1012 737 de
1035 673 1192 736 condenda

189 809 267 850 nova
289 786 427 864 civitate,
452 786 571 870 qualem
593 788 682 852 Plato
704 790 736 852 in
759 788 927 875 Republica
941 792 1041 869 finxit,
1058 792 1112 856 ubi
1130 791 1192 855 lici-

186 913 255 969 tum
274 914 390 970 eertum
412 907 578 972 incolarum
594 931 755 973 numerum
771 908 911 987 definire,
936 911 1025 974 sicuti
1042 910 1079 974 de
1093 909 1189 995 Legg.

188 1025 234 1102 V,
265 1049 294 1110 p.
329 1028 409 1103 737,
440 1027 568 1111 exempli
591 1028 688 1112 gratia
709 1051 818 1092 novam
841 1030 993 1094 civitatem
1016 1030 1104 1113 fingit
1127 1054 1192 1093 ιιει-

186 1145 378 1224 τιιιιισχιλίιιν
398 1145 446 1208 nal
470 1145 693 1225 τεττιριέιιριτιι,
712 1147 880 1212 hominum.
905 1150 948 1211 At
971 1149 1071 1232 agitur
1095 1148 1132 1212 de
1148 1170 1192 1211 or-

179 1263 321 1337 dinanda
331 1263 488 1349 republica
499 1263 667 1348 Syracusis,
682 1266 842 1350 Agrigenti
852 1267 946 1350 inque
958 1267 1064 1330 ceteris
1073 1266 1191 1330 Siciliae

184 1381 330 1460 urbibus,
362 1404 440 1465 quac
469 1383 606 1466 singulae
630 1383 741 1447 multas
765 1384 906 1465 μυριάδας
931 1385 1100 1449 incolarum
1124 1407 1192 1448 con·

182 1500 351 1564 tinebant..
378 1500 416 1563 Id
438 1501 531 1584 igitur
555 1501 644 1587 plane
667 1475 814 1566 absonum
839 1512 893 1567 est.
936 1503 1090 1568 Numerus
1114 1505 1191 1584 μυρί-

182 1619 279 1699 ιιιόρρς
312 1619 428 1697 factus,
464 1621 586 1705 opinor,
622 1621 661 1684 ad
706 1621 937 1685 similitudinem
972 1623 1036 1686 eius
1071 1623 1125 1707 qui
1158 1623 1190 1686 in

180 1738 313 1801 Politice
336 1737 445 1815 datur,
469 1761 499 1822 p.
525 1741 588 1800 292
613 1738 657 1816 Il,
671 1729 872 1802 ubi'Soorates
889 1742 1023 1824 quaerit:
1048 1743 1117 1805 ἀλλ’
1133 1735 1190 1821 dcc

181 1860 210 1922 ἕν
232 1856 386 1938 χιλιιὶιδριρ
413 1856 494 1922 πόλει
517 1859 634 1923 bonarda
659 1858 758 1922 ἕκιιτέι
788 1883 868 1930 τιιιις
900 1859 915 1934 ἢ
939 1860 988 1924 acl
1012 1861 1189 1934 πεντήκοντα

181 1979 272 2051 αὐτὴν
308 1976 476 2059 (seientiam
515 1976 681 2061 politicam)
716 1978 817 2048 ἱιιιιιῶς
859 1979 1038 2056 uribundus,
1086 1978 1191 2058 Quum

181 2095 344 2184 χιλίριιδρις
377 2095 460 2164 πόλις
493 2076 597 2158 nostro
629 2071 767 2179 scriptori
798 2118 906 2181 parum
935 2096 1085 2160 sufficiens
1110 2097 1191 2160 vide-

181 2220 284 2290 retur,
315 2213 403 2277 finxit
432 2214 604 2293 μυρίανδρον.
659 2213 801 2278 Ceterum
832 2214 936 2279 eadem
975 2237 1053 2299 quae
1076 2216 1126 2309 hic
1150 2215 1189 2280 le·

181 2341 300 2416 guntur
335 2330 465 2395 'consilia
497 2331 617 2416 plenius
641 2339 671 2395 et
700 2333 889 2396 enucleatius
919 2342 1125 2397 memorantur
1155 2335 1190 2398 in

181 2451 280 2536 Epist.
304 2449 402 2528 VIII,
428 2473 457 2535 p.
481 2452 563 2528 3563
587 2450 760 2533 dequibus
784 2451 862 2515 infra
883 2452 971 2516 nobis
998 2453 1055 2516 erit
1076 2453 1186 2537 agendi

180 2571 278 2634 locus.

226 2689 385 2754 Praeterea
414 2689 447 2752 in
477 2688 606 2773 legenda
635 2689 692 2752 hac
722 2689 850 2774 epistola
878 2688 956 2753 illud
988 2712 1109 2774 quoque
1132 2652 1188 2754 ms

182 2807 327 2899 offendit,
359 2807 442 2892 quod
464 2807 552 2872 Plato
576 2808 608 2871 in
632 2808 716 2872 omni
739 2808 917 2872 commercio
941 2830 1010 2872 cum
1042 2809 1188 2895 Dionysio

181 2927 277 3012 magis
308 2935 533 3011 procuratorem
564 2927 673 2990 Dionis
707 2948 799 3010 quam
829 2926 1040 3012 philosophiae
1071 2928 1187 2992 antisti·

182 3053 246 3108 tem
269 3044 349 3129 agit;
379 3045 422 3107 ita
445 3043 594 3108 sollicitus
618 3051 664 3108 est
687 3044 725 3108 de
748 3044 954 3129 recuperanda
978 3045 1068 3108 huius
1091 3069 1123 3109 re
1147 3046 1189 3109 fa

183 3163 310 3241 miliari,
340 3170 376 3227 ut
398 3163 638 3249 philosophiam,
663 3164 750 3228 cuins
773 3164 871 3247 gratia
893 3165 1085 3248 potissimum
1109 3165 1189 3229 illud

182 3282 241 3346 iter
264 3255 443 3366 susceperat,
467 3303 562 3365 paene
585 3281 699 3345 oblitus
725 3280 873 3345 videatur.
918 3281 1018 3356 Omne
1039 3283 1100 3347 fere
1116 3291 1189 3347 tern-

183 3422 242 3485 pus
267 3399 377 3463 teritur
395 3399 505 3484 jurgiis
529 3409 560 3463 et
582 3398 734 3477 discidiis,
766 3422 843 3483 quae
867 3401 1054 3484 gravioribus
1079 3424 1188 3465 senno

181 3516 274 3580 nibus
307 3516 429 3580 nullum
462 3516 640 3600 relinquunt
673 3517 785 3581 locum.
839 3516 926 3581 Num
959 3518 1017 3582 hoc
1050 3517 1188 3582 Platonis

182 3657 328 3721 personae
351 3642 382 3698 et
403 3635 538 3699 moribus
562 3635 819 3700 consentaneum?
853 3634 939 3700 Num
963 3635 1104 3701 credibile
1121 3661 1188 3702 eum

181 3752 275 3817 semel
298 3752 470 3836 iterumque
493 3761 539 3816 tot
554 3775 672 3816 menses
688 3753 722 3817 in
736 3753 913 3817 huiusmodi
928 3755 1056 3819 miseriis
1073 3754 1187 3819 bonum

181 3871 280 3935 otium
303 3870 427 3956 perdere
450 3869 603 3935 voluisse?

196 4108 312 4174 ‘Haec'
343 4107 379 4175 de
410 4107 546 4179 Platonis
576 4108 735 4202 itineribus
766 4110 797 4177 in
829 4109 962 4178 Siciliam
991 4111 1090 4201 deque
1119 4113 1184 4182 eius
