2746 4950
657 369 718 426 122

183 578 362 638 ἅνννννινννιννν.
381 576 401 655 ¹)
427 576 465 635 At
483 574 606 656 quinam
626 583 699 635 sunt
715 574 767 656 qui
784 571 937 635 Socratem
950 572 1205 641 damnaverunt?

185 695 234 755 Au
258 692 395 754 homines
418 690 552 766 nobiles,
578 691 739 774 potentes?
774 690 840 753 lmo
867 690 1007 753 Socrates
1031 690 1203 755 damnatus

184 819 230 872 est
260 809 297 872 ab
322 809 482 885 Heliastis,
507 808 537 871 h.
562 832 587 871 e.
616 808 733 893 judicio
765 809 890 892 populi,
914 832 932 871 a
955 809 1089 872 consilio
1115 811 1202 893 quin·

183 935 341 1011 gentorum
366 926 426 989 fere
445 926 603 1011 judicum,
628 927 680 1008 qui
704 936 784 988 sorte
807 952 823 989 e
847 950 898 989 sex
914 926 1049 990 millium
1070 945 1201 991 numero

183 1045 389 1129 capiebantur.
436 1043 521 1108 Num
552 1045 584 1106 hi
615 1044 675 1107 dici
704 1052 832 1129 possunt
854 1046 1078 1116 δυναστεύοντές
1104 1046 1202 1116 arvae?

183 1162 326 1227 Crederes
338 1162 398 1227 lere
411 1164 586 1247 scriptorem
599 1173 737 1228 nostrum
752 1173 873 1247 putasse
885 1163 1041 1228 Socratem
1055 1165 1097 1229 ab
1109 1163 1211 1230 Areo-1

184 1284 252 1368 pagi
279 1283 396 1368 judicio
424 1283 601 1347 damnatum
624 1307 708 1361 esse,
734 1307 825 1368 penes
849 1283 930 1367 quod
954 1283 1097 1348 tribunal
1123 1287 1199 1349 anti·

183 1403 288 1486 quitus
318 1404 417 1466 fuerat
444 1403 596 1487 judicium
625 1404 767 1480 ἀσεβείας
790 1404 916 1486 (Meurs.
942 1404 1056 1487 Areop.
1083 1403 1122 1468 G.
1149 1409 1180 1488 9)
1187 1431 1197 1482 ;

183 1521 266 1605 quod
289 1530 390 1585 tamen
413 1522 522 1585 falsum
547 1545 612 1585 esse
632 1523 695 1606 jam
719 1522 836 1607 pridem
870 1521 1010 1605 probavit
1034 1521 1147 1586 Freret
1168 1525 1198 1586 in

182 1640 254 1702 diss.
282 1639 364 1702 laud.
396 1663 425 1724 p.
454 1642 533 1717 264,
561 1647 592 1703 et
615 1640 802 1703 affirmarunt
824 1640 921 1702 Meier
943 1648 974 1702 et
997 1639 1196 1719 Schbmann,

183 1760 247 1821 Att.
271 1758 357 1822 Proc.
381 1782 411 1843 p.
436 1760 519 1837 305,
543 1766 607 1822 not.
632 1762 685 1824 37.
763 1791 772 1809 κ

647 1996 665 2079 b
692 1998 722 2058 2.

210 2232 256 2293 Dc
271 2231 406 2294 Platonis
420 2232 562 2294 sententia
572 2233 697 2313 politico
711 2237 740 2294 et
755 2235 789 2294 dc
804 2254 894 2294 caasa
904 2231 1169 2312 peregrinationis.

226 2466 467 2530 Commemorato
490 2466 583 2530 XXX
607 2468 739 2530 virorum
764 2466 922 2530 dominatu
946 2476 977 2530 et
999 2466 1118 2551 injusta
1143 2468 1195 2531 So-

181 2586 269 2649 cratis
303 2585 514 2663 damnatione,
549 2587 678 2670 scriptor
712 2586 843 2670 explicat
876 2585 1013 2648 Platonis
1038 2585 1078 2649 de
1102 2609 1194 2672 repu-

180 2706 259 2769 blica
281 2704 464 2789 capessenda
485 2706 667 2768 senteutiam
691 2714 721 2767 et
749 2712 904 2788 susceptae
936 2704 1191 2788 peregrinationis

182 2846 313 2887 eausam.
359 2823 466 2901 „Haec
497 2846 593 2907 quum
624 2823 862 2901 considerarem,
894 2824 985 2901 dicit,
1017 2820 1074 2902 ὅσῳ
1108 2828 1192 2900 μᾶλ-

181 2958 229 3006 toa
259 2942 420 3006 διεσκόπουν
451 2943 563 3017 ἡλικίας
598 2945 626 3005 τ’
643 2945 682 3014 εἷς
715 2942 748 3006 τὸ
782 2943 885 3020 πρόσθε
919 2941 1107 3022 προῦβαινεν,
1146 2967 1192 3008 το-

181 3063 272 3142 σούτῳ
300 3064 505 3142 χαλεπώτερον
535 3062 670 3144 ἐφαίνετο
700 3063 780 3143 ὀρθῶς
811 3058 884 3125 εἶναι’
912 3085 959 3138 μοι
981 3063 1023 3126 ‘rob
1046 3064 1190 3128 πολιτικὰ

176 3181 293 3246 διοικεῖν.
329 3180 472 3265 Corrupti
497 3182 642 3244 nimirum
665 3188 752 3245 erant
774 3203 871 3244 mores
895 3180 1006 3243 civium
1030 3187 1061 3243 et
1085 3180 1189 3266 leges:

175 3299 216 3364 rol
245 3325 279 3363 τε
309 3307 364 3364 τῶν
394 3299 484 3376 νόμων
513 3300 685 3379 apolenare
714 3300 764 3364 nal
795 3299 840 3375 ἔθη
865 3299 1051 3380 διεφθείρετνι
1086 3299 1189 3365 dicere

176 3418 293 3482 voluit:
340 3419 364 3482 οἱ
406 3419 482 3497 νόμον
526 3417 575 3482 aab
609 3419 650 3483 τνὶ
684 3419 781 3502 affl)
827 3417 986 3501 Denique,
1022 3416 1116 3496 dicit,
1155 3421 1189 3483 in

212 3679 235 3739 l)
252 3679 300 3726 Pro
317 3681 425 3742 εἰσάγειν,
442 3678 504 3740 quod
522 3681 557 3724 est
575 3676 672 3725 verbnm
690 3677 817 3733 usitatum,
839 3675 909 3739 paulo
926 3679 981 3724 ante
999 3675 1071 3724 habet
1089 3681 1191 3742 εἰσάγειν

178 3778 210 3832 εἰς
221 3774 375 3843 δικαστήριον;
394 3772 455 3821 idem
474 3772 579 3822 occurrit
596 3773 620 3820 in
638 3772 708 3836 Apol.
727 3787 751 3835 p.
764 3771 794 3820 29
813 3773 847 3819 A:
865 3769 914 3822 τότ’
924 3777 953 3821 ἄν
967 3793 1000 3836 με
1016 3773 1110 3830 δικαίως
1121 3777 1190 3824 εἰσά-

177 3889 211 3933 γοι
232 3889 267 3926 τις
284 3872 314 3926 εἰς
329 3871 482 3938 δικαστήριον.
517 3867 629 3931 Hirsohig
647 3868 679 3916 ibi
696 3867 784 3916 delevit
801 3872 832 3924 εἰς
850 3868 992 3936 δικαστήριον
1008 3871 1035 3915 ut
1052 3868 1188 3928 emblema,

177 3964 298 4028 probabile
316 3968 393 4012 tamen
412 3963 538 4026 idem'jam
556 3962 774 4026 epistolographum
792 3963 817 4009 iu
835 3961 943 4010 Platonis
960 3960 1022 4010 libro
1040 3961 1135 4024 legisse.

211 4060 234 4121 2)
253 4061 314 4109 Mira
339 4060 410 4109 dictio
417 4080 423 4118 ;
449 4067 519 4124 νόμων
545 4065 583 4117 ἔθη
608 4059 653 4108 dici
680 4063 776 4122 possent
794 4074 867 4106 mores
883 4058 971 4121 tegibus
988 4057 1112 4106 comtituta‘
1134 4061 1187 4110 sive

177 4155 277 4222 recepti,
295 4155 335 4205 aed
354 4155 466 4220 distingui
483 4162 555 4221 νόμων
572 4160 611 4214 ἔθη
627 4159 651 4204 et
668 4162 739 4220 νόμων
754 4161 888 4225 γράμματα
903 4153 1012 4218 ineptum
1023 4161 1094 4218 puto,
1117 4158 1186 4221 quasi
