2746 4950
660 336 701 396 28

179 563 240 625 quo
264 541 399 604 Platonis
423 543 518 605 oratio
542 542 629 606 nitet.
676 542 816 626 Denique
840 551 905 605 tota
927 542 1021 606 dictio
1045 544 1089 606 sic
1107 567 1190 608 com-

180 668 284 744 parata
314 672 373 737 cst,
411 669 446 723 ut
480 660 533 743 qui
567 667 683 724 attente
713 684 779 724 eam
809 660 892 746 legat
922 661 1009 725 facile
1040 674 1190 746 agnoscat

179 803 239 843 non
270 802 446 864 germanum
471 774 636 843 'Platonem
667 802 698 843 se
730 780 843 864 legere,
874 779 927 843 sed
954 780 1096 845 sedulum
1122 783 1190 847 imi·

179 906 326 975 tatorem,
358 898 411 981 qui
442 897 541 962 verbis
572 898 729 961 sententiis
761 898 885 962 floribus
911 898 1048 982 undique
1071 923 1110 962 ex
1133 901 1189 964 illo

179 1017 358 1101 conquisitis
377 1039 455 1101 opus
471 1039 562 1080 suum
585 1017 819 1080 concinnaverit.

222 1136 291 1199 Jam
322 1158 440 1199 summa
471 1135 656 1218 quaestionis
688 1136 788 1220 posita
818 1135 917 1199 estin
940 1135 1079 1220 Epistola
1103 1136 1187 1214 VH,

179 1279 270 1340 quam
296 1255 433 1340 plerique
457 1255 631 1318 etiamnunc
654 1255 701 1318 vel
729 1255 856 1339 abipso
883 1255 1010 1319 Platone
1033 1255 1080 1319 vel
1104 1264 1187 1320 certe

178 1376 216 1439 ab
239 1374 340 1457 aliquo
364 1373 429 1437 eius
451 1373 646 1437 familiarium
669 1373 811 1457 scriptam
835 1374 1016 1437 existimant.
1064 1373 1187 1454 Quodsi

178 1495 252 1558 haec
281 1516 350 1557 vcra
373 1503 403 1557 ct
426 1493 542 1557 sincera
564 1500 625 1578 qst,
654 1499 770 1556 ceterae
794 1514 930 1577 quoque,
955 1493 1012 1557 etsi
1034 1493 1088 1557 illa
1111 1495 1187 1575 infe

176 1614 285 1691 riores,
316 1634 378 1676 nou
408 1612 524 1676 nullius
554 1611 645 1696 pretii
669 1621 759 1676 erunt
780 1611 953 1690 habendae;
985 1612 1033 1677 sin
1059 1614 1132 1677 ficta
1156 1622 1186 1678 et

178 1731 381 1816 suppositieia,
397 1730 532 1814 reliquae
544 1736 653 1815 sponte
668 1738 824 1793 corruunt.
848 1729 886 1794 In
903 1753 963 1814 qua
975 1731 1103 1815 epistola
1114 1755 1186 1796 exa·

179 1851 324 1915 minanda
347 1873 442 1934 quum
466 1850 566 1914 adhuc
590 1849 686 1914 critici
708 1871 771 1913 non
787 1872 852 1914 eam
869 1849 1045 1913 collocarint
1060 1871 1187 1934 operam

181 1991 273 2053 quam
288 1992 335 2033 res
351 1968 504 2053 postulat,
522 1968 560 2032 de
576 1968 633 2031 hac
648 1967 827 2052 diligentius
839 1968 927 2032 nobis
943 1969 999 2031 erit
1015 1969 1186 2052 agendum,

180 2110 240 2172 quo
260 2088 298 2153 ad
321 2095 489 2152 ceterarum
508 2087 660 2174 judicium
677 2087 724 2150 viu
740 2087 828 2151 nobis
844 2087 941 2150 facilis
957 2095 987 2150 et
999 2096 1104 2172 aperta
1116 2089 1185 2153 erit.
