2746 4950
664 335 704 398 73

180 539 218 614 οἷς
242 542 398 617 ξυνέπεται
420 546 475 605 τῶν
498 539 682 620 πραγμάτων
705 540 899 634 ἀνοσιουργία,
923 541 1012 605 κακὸν
1033 538 1183 614 ήλίκονοὶεὶ

179 664 246 738 μετ’
264 661 443 738 ἀδικήματος
465 658 605 735 ἑκήστον,
622 656 654 735 ήν
669 661 831 736 αναγκαῖον
845 662 885 739 τῷ
900 658 1068 733 ἀδικήσαντι
1080 663 1185 739 συνεφ-

181 779 272 843 έλκειν
302 780 352 844 ἐστι’
379 804 413 844 τε
443 789 483 861 μή
513 779 696 862 στρεφομένῳ
718 778 767 841 καὶ
792 776 846 841 ὑπὸ
869 787 924 855 γῆς
949 777 1116 853 νοστήσαντι
1137 799 1187 840 σιο-

179 898 256 979 ροίαν
280 896 385 975 ἄτιμόν
407 922 440 962 τε
463 896 512 961 καὶ
536 897 632 963 ἄθλιον
654 897 770 968 naturae
794 904 948 977 πανταχῆ.

224 1016 343 1081 Locum
373 1017 456 1115 hunc
486 1039 550 1080 csse
577 1040 712 1102 pannum
735 1016 814 1081 male
837 1015 981 1080 adsutum
1004 1015 1113 1100 cuique
1136 1037 1186 1100 ap

180 1135 315 1220 parebit,
341 1136 394 1220 qui
412 1136 521 1200 seriem
536 1135 757 1220 cogitationum
773 1134 946 1199 attenderit.
977 1133 1184 1218 „Dionysium

181 1255 277 1332 dixit,
309 1255 440 1340 turpiter
470 1255 561 1332 vivit,
597 1255 658 1318 Dio
688 1254 793 1339 pulcre
823 1261 962 1318 mortuus
986 1265 1048 1332 est,
1072 1253 1187 1338 quippe

181 1374 309 1438 honesta
331 1374 428 1438 facere
451 1373 608 1438 studens.''
653 1373 711 1437 His
735 1380 940 1438 annectuntur
962 1372 1120 1457 sequeutia
1134 1394 1187 1456 per

181 1491 362 1578 particulam
374 1493 433 1573 γαρ
450 1492 526 1576 (οὔτε
541 1493 600 1573 γαρ
616 1491 746 1575 πέφυκεν
757 1491 929 1576 ἀθάνατος),
944 1491 1032 1575 quasi
1043 1513 1088 1568 co,
1102 1489 1186 1574 quod

182 1610 335 1696 improbos
360 1619 428 1696 post
455 1617 582 1675 mortem
604 1610 754 1696 supplicia
775 1617 913 1688 manent,
937 1610 1083 1695 probetur
1106 1616 1187 1672 antc-

182 1729 309 1807 cedenS,
332 1729 463 1793 Diouem
486 1729 592 1814 pulcre
613 1735 769 1793 mortuum
794 1750 868 1792 csse.
904 1726 943 1792 In
965 1728 1002 1791 iis
1021 1750 1091 1791 vero
1108 1748 1186 1810 quae

182 1846 306 1933 subjicit
329 1848 367 1912 de
389 1848 555 1913 inferorum
577 1848 700 1934 poenis,
723 1848 882 1912 manifeste
903 1847 1040 1911 Platonis
1056 1847 1187 1910 imitato·

182 1989 246 2030 rem
270 1989 302 2031 sc
324 1966 467 2031 ostendit.
492 1965 572 2031 Nam
594 1989 657 2031 non
680 1967 779 2030 solum
802 1967 904 2030 omnia
925 1967 1052 2051 eaquae
1072 1964 1187 2029 deani-

183 2108 303 2150 marum
333 2072 506 2150 conditione
536 2093 606 2171 post
635 2092 781 2164 mortem,
810 2084 848 2149 de
867 2084 984 2171 judicio
1006 2085 1039 2148 in
1065 2084 1186 2162 inferis,

184 2204 221 2269 de
244 2205 384 2269 bonorun
406 2205 547 2290 praemiis
570 2204 662 2284 dicit,
678 2227 695 2269 e
710 2205 847 2269 Platonis
863 2203 1009 2289 dialogis,
1026 2203 1187 2289 praecipue

184 2325 314 2409 Gorgia,
339 2326 520 2390 concinnata
542 2336 631 2404 sunt,
657 2325 709 2390 sed
732 2325 823 2409 ctiam
846 2348 929 2389 more
952 2325 1089 2388 Platonis
1109 2323 1187 2387 hanc

184 2443 423 2529 disputationem
444 2443 598 2507 connectit
613 2465 681 2507 curn
698 2451 835 2515 παλαιοῖς
850 2443 947 2520 λόγοις
963 2449 993 2506 ct
1008 2442 1186 2524 νάσορῤήτοιζ,
1286 2444 1289 2452 ’

185 2562 275 2626 utin
298 2561 411 2626 Phaed.
435 2586 465 2649 p.
492 2564 532 2626 70
557 2560 598 2625 C:
623 2561 750 2634 παλαιός
777 2562 841 2628 ἐστί
861 2585 905 2632 τις
928 2561 1014 2638 λόγος
1037 2557 1133 2636 οὗτος,
1155 2555 1188 2624 οὗ

185 2680 359 2759 μεμνήμεθα
382 2681 441 2744 κτὲ.
466 2680 503 2744 cf.
526 2679 600 2745 ibid.
625 2703 654 2764 p.
681 2681 721 2742 62
746 2680 782 2744 B.
828 2679 907 2743 Tum
931 2679 1014 2763 quod
1036 2678 1187 2755 inculcat,
1270 2691 1278 2705 ’

185 2822 249 2863 csse
272 2798 450 2879 σμικρότερον
473 2799 560 2862 κακὸν
582 2798 712 2879 νιοὲσχειν
739 2799 756 2874 ή
780 2799 882 2880 δρᾶσαι
905 2795 1010 2873 ἄδικα,
1033 2797 1113 2860 idem
1138 2796 1189 2859 do·

186 2925 271 2983 cetur
294 2940 312 2980 a
334 2916 478 2995 Platone,
503 2923 534 2980 at
556 2939 618 2981 non
642 2939 708 2981 eam
730 2917 769 2981 ob
793 2939 933 2994 causam,
958 2938 1049 3000 quarn
1074 2915 1123 2978 hic
1147 2913 1190 2978 di·

187 3036 245 3113 cit,
270 3033 352 3119 quod
375 3057 483 3120 nempe
502 3033 621 3119 judices
644 3035 675 3098 in
695 3033 798 3098 inferis
814 3035 927 3118 injuste
942 3033 1022 3097 facta
1036 3033 1188 3118 puniunt,

186 3154 239 3218 scd
262 3153 346 3238 quod
367 3153 519 3237 injustitia
540 3153 607 3238 ipsa
629 3153 729 3217 animo
753 3152 893 3217 morbum
916 3159 947 3215 et
967 3152 1131 3238 pernicicm
1147 3151 1188 3215 af·
1254 3238 1256 3243 ,

187 3273 254 3336 fert.
278 3270 350 3336 Vid.
375 3270 464 3335 Plato
487 3271 525 3336 dc
549 3270 623 3356 Rep.
648 3271 683 3348 I,
707 3294 736 3355 p.
763 3272 838 3334 345.
862 3269 910 3348 X,
934 3292 964 3355 p.
983 3272 1056 3334 610.
1073 3268 1189 3333 Criton.

187 3416 216 3477 p.
240 3394 282 3456 47
307 3391 346 3454 D.

232 3510 436 3574 Attendamus
458 3531 529 3573 vero
553 3509 682 3593 singula.
728 3509 865 3574 Primum
889 3509 1080 3573 enuntiatum
1103 3508 1191 3572 κακὸν

187 3631 245 3708 γαρ
265 3629 314 3693 καὶ
333 3628 444 3707 dynato
463 3629 523 3693 κτὲ.
537 3628 699 3692 obscurum
712 3635 767 3692 cst.
788 3627 895 3692 Voluit
906 3627 1005 3691 dicere
1016 3625 1191 3690 Ιιοοικακὸν

189 3747 239 3813 καὶ
262 3748 373 3824 aaron
396 3748 472 3811 οὐδὲν
494 3746 582 3841 λόγον
606 3745 685 3823 ἄξιόν
708 3747 784 3811 ἐστιν
812 3748 882 3811 αλλ’
905 3747 922 3822 ή
950 3756 987 3828 τῇ
1003 3752 1108 3824 ψυχή,
1128 3745 1191 3808 cul·

189 3924 354 3934 ..m

187 4033 348 4094 περαινομένην
370 4043 389 4074 s.
419 4033 549 4091 γιγνομένην
570 4034 604 4091 τῷ
627 4025 675 4086 (διὰ
696 4028 744 4083 τοῦ)
768 4029 802 4088 μὴ
825 4025 978 4087 eluctandae
1012 4022 1033 4070 u
1055 4021 1201 4086 conjectura.
1222 3997 1230 4014 ⁴

188 4123 270 4191 scripsi
287 4128 315 4176 rt
325 4129 359 4191 μὴ
376 4127 461 4190 ulpici.
480 4122 541 4172 undo
560 4121 665 4174 nascitur
682 4119 829 4173 constructio
847 4135 918 4185 quam
934 4117 995 4169 infra
1012 4118 1080 4168 dabo.
