2746 4950
684 329 744 392 127

200 546 330 614 buntur,
365 536 440 620 ipsis
474 536 572 599 verbis
607 558 747 620 expressa
778 557 814 597 ex
842 558 931 619 opere
966 536 1003 599 de
1026 536 1210 621 Republica,

200 679 235 718 ea
265 656 437 740 concinere¹
457 677 526 717 oum
550 655 699 739 temporis
722 653 836 716 indicio
859 677 897 716 ex
919 654 1135 717 Ecclesiazusis
1163 679 1212 740 pe·

200 775 274 850 tito,
307 782 343 836 ut
372 773 502 836 alterum
533 772 743 836 testimouium
776 772 863 834 alteri
887 772 1006 856 pondus
1039 773 1147 836 addere
1172 775 1213 836 vi-

200 891 317 954 deatur.
364 890 406 953 Et
434 912 495 973 quo
520 891 620 953 minus
645 889 786 972 equidem
810 888 928 952 credam
953 890 1111 954 Platonem
1127 903 1211 955 Πολι-

199 1013 278 1074 τείοιι
302 1009 459 1093 evulgasse
482 1018 553 1092 post
575 1008 688 1071 editam
704 1007 788 1070 illam
805 1008 1008 1086 comoediam,
1025 1031 1087 1072 non
1103 1032 1209 1093 parum

199 1130 279 1214 apud
308 1153 355 1192 me
378 1130 459 1193 valet
479 1128 846 1231 quodMorgensternius
866 1128 1079 1191 animadvertit
1101 1130 1142 1213 (p.
1169 1132 1207 1193 77

197 1251 292 1333 not),
317 1249 366 1310 vix
390 1247 534 1311 credibile
554 1247 612 1310 sibi
628 1223 724 1309 videri
740 1246 843 1310 dicens
852 1295 861 1324 ,
879 1255 1077 1331 posteaquam
1094 1248 1210 1311 Aristo-

198 1366 311 1450 phanes
348 1366 501 1429 civitatem
524 1365 637 1428 talibus
661 1365 780 1448 legibus
805 1366 838 1428 iu
869 1388 958 1429 scena
980 1366 1109 1443 risisset,
1139 1366 1206 1430 Pla·

195 1491 298 1547 tonem
322 1483 477 1547 editurum
500 1484 594 1546 fuisse
618 1507 712 1568 opus,
740 1484 772 1553 in
795 1507 856 1567 quo
874 1483 978 1548 eadem
995 1508 1042 1547 res
1059 1491 1208 1568 tanquam

195 1625 273 1666 nova
297 1603 374 1666 serio
398 1609 588 1665 tractaretur.

198 1712 200 1716 ¹
241 1720 279 1785 ln
310 1721 367 1784 boc
399 1721 493 1804 igitur
516 1720 655 1805 Epistola
679 1743 785 1784 verum
807 1721 917 1784 referre
940 1720 1078 1797 videtur;
1106 1721 1206 1784 minus

193 1842 264 1903 vero
296 1840 450 1925 probabile
482 1848 545 1917 est,
579 1840 662 1922 quod
685 1840 799 1903 ibidem
824 1848 1022 1917 memoratur,
1046 1840 1205 1904 Platonem

195 1962 304 2038 semel,
333 1962 463 2038 iterum,
488 1961 579 2023 tertio
602 1961 632 2022 in
658 1959 792 2023 Siciliam
817 1961 986 2044 profectum
1010 1984 1074 2023 esse
1091 1983 1125 2023 ea
1137 1983 1204 2044 spe,

190 2081 253 2143 fore
270 2089 306 2143 ut
329 2080 469 2164 Dionysii
489 2102 546 2163 ope
565 2080 717 2142 civitatem
742 2079 961 2163 Syracusanam
977 2080 1009 2142 in
1024 2079 1118 2142 talem
1134 2102 1205 2162 qua-

188 2199 246 2261 lem
271 2200 303 2261 iu
326 2198 380 2261 illo
400 2221 489 2282 opere
513 2199 671 2282 descripsit
688 2197 836 2262 πολιτείιιι
852 2198 1065 2260 transformare
1090 2207 1201 2282 posset.

189 2318 256 2380 Etsi
290 2320 371 2383 enim
399 2318 542 2381 credibile
577 2326 622 2381 est
664 2318 822 2381 Platonem
857 2340 920 2381 non
954 2317 1128 2400 desperasse
1163 2315 1202 2378 de

187 2436 383 2503 emendandis
407 2437 599 2514 civitatibus,
625 2459 755 2520 eumque
777 2437 939 2500 itineribus
964 2436 996 2498 in
1017 2435 1150 2498 Siciliam
1168 2434 1200 2496 id

186 2557 288 2640 ipsum
319 2563 483 2640 spectasse,
518 2563 552 2618 ut
581 2555 736 2619 meliorem
767 2555 906 2619 redderet
929 2554 1146 2638 Syracusarum
1170 2560 1200 2616 et

184 2674 304 2737 Siciliae
326 2673 546 2751 conditionem,
571 2698 633 2737 nou
657 2683 757 2737 tamen
781 2682 844 2737 tam
860 2697 960 2737 rerum
973 2673 1197 2756 bominumque

187 2795 309 2877 ignarus
334 2794 407 2870 luit,
432 2800 467 2856 ut
489 2794 652 2878 perlectam
675 2793 759 2856 illam
783 2815 874 2876 quam
889 2799 989 2855 mente
1002 2793 1200 2859 ,informasset

185 2913 315 2975 civitatis
334 2912 498 2994 imaginem
513 2934 617 2996 reapse
634 2912 767 2974 effectam
786 2911 872 2975 reddi
888 2934 976 2995 posse
994 2918 1134 2995 putaret,
1148 2918 1202 2974 aut

183 3031 365 3114 Dionysium
397 3030 488 3093 talem
520 3053 622 3114 regem
654 3031 716 3093 fore
748 3029 933 3107 confideret,
958 3030 1050 3092 cuius
1073 3029 1201 3113 imperio

182 3150 303 3226 δύναμις
335 3158 365 3213 et
387 3151 550 3232 Φιλοσοφία
573 3150 657 3213 velut
681 3152 713 3214 in
737 3173 834 3214 unum
861 3150 1028 3226 conflatae,
1057 3157 1092 3213 ut
1108 3149 1199 3225 dicit,

182 3269 315 3353 optimae
338 3269 468 3332 civitatis
493 3268 621 3352 effigiem
645 3270 683 3333 ob
708 3269 821 3333 oculos.
836 3275 992 3353 ponerent.
1013 3270 1035 3353 ¹)

190 3437 379 3446 ...-———

218 3543 241 3603 l)
260 3542 311 3590 ursi
328 3541 398 3589 Plato
417 3543 439 3590 in
459 3542 588 3606 Republica
608 3559 654 3590 non
673 3543 744 3590 semel
763 3542 848 3590 asserit
865 3557 889 3590 so
912 3541 972 3589 baud
993 3542 1095 3593 ἀδύνατα
1108 3540 1198 3603 fingere

181 3656 211 3725 (o.
229 3654 251 3699 g.
272 3639 318 3695 Vl,
335 3638 383 3684 499
402 3637 439 3684 D:
465 3635 510 3687 οὐδ’
531 3642 598 3702 ἡμεῖς
613 3639 714 3689 ἀδύνατοι
731 3641 840 3704 λέγομεν,
861 3641 953 3704 χαλεπὰ
971 3638 995 3686 δὲ
1019 3640 1056 3687 καὶ
1073 3633 1131 3705 παρ’
1146 3641 1200 3703 ἡμῖν

183 3737 334 3797 ὁμολογεῖται.
362 3733 398 3781 Of.
428 3735 459 3789 V,
477 3733 525 3780 456
553 3733 607 3793 O.),
632 3733 710 3795 potius
735 3737 814 3782 tamen
841 3733 962 3781 civitatem
987 3732 1053 3780 illam
1072 3733 1197 3795 proposuit

181 3833 295 3890 tanquam
313 3830 475 3897 παράδειγμα,
498 3829 528 3876 ad
545 3828 607 3892 quod
625 3828 734 3876 accedere
752 3809 920 3892 aliquantenus
938 3827 1016 3875 liceat.
1034 3829 1070 3875 De
1089 3828 1147 3890 Rep.
1162 3829 1196 3896 V,

181 3939 205 3986 p.
222 3921 271 3974 472
289 3919 325 3970 D':
344 3927 367 3974 τί
383 3921 430 3980 crim
452 3926 476 3973 οὐ
492 3927 529 3975 καὶ
545 3929 624 3988 ἡμεῖς,
643 3931 732 3992 φαμέν,
759 3924 910 3992 παράδειγμα
927 3927 1045 3986 ἐποιοῦμεν
1062 3925 1119 3987 λέηῳ
1137 3927 1198 3985 ἀγα-

181 4022 224 4079 θῆςΙ
244 4020 340 4075 πόλεωςς
357 4024 418 4070 Πάνυ
433 4039 467 4082 γε.
498 4015 582 4070 Ἠττον
597 4040 620 4070 τι
637 4018 673 4069 οὖν
689 4023 730 4069 οἴει
747 4024 810 4082 ἡμᾶς
827 4016 852 4069 εὖ
871 4021 941 4081 λέγειν
958 4021 1041 4069 τοὺτου
1061 4021 1139 4074 ἕνεκα,
1160 4022 1198 4067 ἐὰν

181 4122 215 4177 μὴ
236 4119 326 4180 ἔχωμεν
338 4115 473 4179 ἀποδεῖξαι,
496 4119 525 4171 ὡς
542 4116 632 4165 δυνατὸν
648 4115 705 4165 οὕτω
723 4117 784 4164 πόλιν
800 4118 887 4170 οἰκῆσαι
905 4118 934 4169 ὡς
953 4116 1042 4177 ἐλέγετο
1048 4134 1054 4171 ;
1073 4117 1105 4162 Οὐ
1122 4113 1195 4172 δῆτα,
