2746 4950
665 333 705 394 81

181 539 330 620 χρώμοιτοι
352 536 435 623 ἧκεν,
454 533 499 605 οἷσι
518 539 555 605 θον
571 539 742 618 θυμούμενος
762 521 874 620 iidata.
896 539 1061 619 προσπεσὼν
1072 537 1096 601 δ’
1108 530 1187 620 aduri

181 657 375 743 ὃθεοδθτης,
405 658 569 738 λοιβθμενος
597 667 649 733 τῆς
671 659 766 740 χειρὸς
789 658 925 740 ἐδοθιιρυσέ
947 683 981 723 τε
1003 658 1052 722 aa}
1076 658 1185 722 ἱκέτευε

181 777 269 854 μηδὲν
298 781 419 843 τοιοῦτον
449 783 546 843 ποιεῖν.
592 778 766 856 ’Τποιιιιβὼν
796 777 819 840 δ’
835 777 893 854 aa
915 776 1186 856 παραμυθούμενος,

183 894 304 977 Θοὶρρει,
334 894 480 974 Θεοδότοι,
511 895 602 978 ἔφην,
634 897 665 960 οὐ
695 895 755 976 yar
777 895 917 973 τολμήσει
940 895 1084 965 Διονύσιος
1107 895 1188 975 πυροὶ

181 1013 222 1078 ud
244 1014 314 1094 χθὲς
336 1014 549 1092 ὡμολογημένιι
572 1011 655 1079 ἄλλοι
678 1016 749 1080 ποτὲ
771 1013 848 1093 δροῖν,
894 1012 950 1079 Kal
974 1010 1004 1085 ὃς
1028 1011 1187 1093 ε’μβλὲψιος

181 1137 229 1210 μοι
260 1131 309 1196 aa}
339 1131 428 1210 μθλοι
450 1138 636 1213 τυροιννιιιῶς,
660 1131 728 1214 Σοὶ,
752 1132 827 1215 ἔφη,
851 1133 908 1209 ἐγὼ
931 1130 998 1196 οὔτε
1019 1155 1049 1197 τι
1072 1129 1189 1210 σμικρδν

178 1249 245 1314 οὔτε
274 1251 358 1328 μένοι
387 1251 572 1328 ὠμολθνησοι.
617 1251 665 1325 Νη
695 1249 761 1320 τοὺς
784 1250 875 1326 θεούς,
899 1245 931 1324 ἦν
954 1250 979 1313 δ’
991 1250 1066 1333 ἐγὼ,
1090 1250 1127 1314 σθ
1150 1273 1190 1326 νε

181 1374 298 1451 τοῦτον,
321 1365 342 1432 ἃ
365 1375 415 1433 σοῦ
438 1374 485 1434 νῦν
508 1365 588 1441 οὗτος
611 1368 702 1434 δεῖτοιι
724 1370 766 1446 μη
782 1376 879 1435 ποιεῖν.
916 1367 972 1432 Kal
987 1369 1072 1433 εἰπὼν
1088 1373 1190 1432 τοῦτο

181 1486 434 1568 ἀποστρεφόμενος
458 1485 578 1569 ᾧχθμην
600 1485 663 1564 ἔξω.
710 1489 761 1550 Au
786 1509 923 1571 unquam
947 1486 1066 1564 rhetor,
1092 1485 1191 1549 Plato-

183 1607 267 1694 nicae
291 1608 430 1682 ἠθοποιίας
454 1606 631 1684 aemulator,
656 1605 846 1692 splendidius
870 1628 959 1691 opere
982 1607 1106 1669 functus
1123 1605 1189 1668 estl

183 1725 261 1789 Vide
284 1734 387 1789 autem
410 1747 502 1809 quam
525 1725 602 1790 bene
622 1725 695 1789 haec
711 1748 782 1789 cum
797 1725 979 1811 praegressis
995 1725 1186 1788 cohaereant.

142 1930 144 1934 μ
227 1843 379 1910 Postridie
403 1845 510 1930 prioris
535 1845 680 1908 sermonis
704 1867 826 1929 vespere
848 1843 1019 1908 Theodotes
1032 1841 1189 1907 audiverat

182 1963 364 2048 Dionysium
387 1986 440 2048 per
463 1965 662 2029 mercenarios
682 1964 863 2048 investigare
879 1963 1093 2028 Heraclidem:
1117 1960 1188 2024 inde

183 2090 283 2147 metus
318 2090 349 2146 ct
370 2083 552 2168 indignatio,
598 2084 677 2148 Tum
700 2084 872 2148 Theodotus
894 2085 926 2148 in
946 2083 1098 2167 colloquio
1123 2106 1189 2168 pro·

182 2201 305 2264 miserat
327 2200 473 2285 Dionysio
497 2224 528 2264 se
550 2201 638 2266 illum
655 2202 886 2280 arcessituram,
904 2203 929 2265 si
944 2209 1092 2286 tyrannus
1109 2201 1188 2264 salu-

182 2328 244 2383 tem
264 2320 292 2382 ei
313 2320 521 2406 polliceretur;
544 2320 626 2406 quod
642 2321 692 2385 hic
708 2312 865 2386 annuerat.
892 2321 940 2384 ‘At
955 2319 1132 2385 Heraclides
1149 2320 1187 2384 ab

184 2439 281 2502 amico
305 2447 446 2514 evocatus
461 2462 522 2503 ncn
536 2440 658 2526 prodiit.
689 2439 771 2524 Ergo
783 2439 964 2525 Dionysius,
978 2461 1074 2523 quum
1086 2439 1187 2503 denuo

185 2557 303 2642 exquiri
314 2557 404 2621 illum
413 2557 551 2644 juberet,
565 2559 643 2623 nihil
652 2559 723 2623 fecit
731 2559 886 2644 promissis
899 2558 1187 2642 contrarium,qu0d

185 2686 286 2741 tamen
301 2677 334 2741 in
350 2677 467 2741 ultimis
479 2677 562 2742 hisce
575 2678 603 2742 ei
614 2678 766 2764 objicitur.
790 2678 962 2743 Theodotes
974 2685 1075 2742 autem
1091 2678 1192 2771 immi-¹

185 2817 261 2859 nens
277 2795 373 2859 amico
389 2795 814 2880 periculumnarransaddit:
827 2797 840 2861 ὅ
852 2791 953 2861 δἐἷνιιθ
963 2818 1004 2877 πη
1015 2795 1109 2874 radun
1121 2796 1187 2880 (pro
1274 2815 1277 2822 ·

182 2914 307 2979 ἐντιιῖιθθ
330 2916 395 2999 που)
418 2915 580 2998 κινδυνεύει,
605 2915 749 2980 uidetur
769 2915 817 2979 θθσ
836 2915 943 2978 alicubi
958 2937 1029 2978 erac:
1045 2936 1115 2997 ergo
1133 2912 1185 2976 ubi

183 3039 262 3096 esset
281 3055 343 3096 non
361 3031 491 3110 sciebat,
508 3032 561 3096 sed
577 3033 757 3119 conjiciebat
771 3040 891 3098 tantum
900 3059 909 3110 3
926 3031 1079 3117 quomodo
1093 3031 1188 3115 igitur

183 3151 215 3212 in
246 3149 494 3235 praecedentibus
521 3151 657 3235 polliceri
688 3151 791 3235 potuit
821 3173 852 3215 se
876 3151 1090 3214 arcessituram
1114 3148 1185 3212 ami·
1238 3215 1241 3230 .

183 3290 271 3346 cum,
295 3269 349 3352 qui
371 3269 424 3334 ubi
447 3276 526 3333 esset
548 3269 722 3334 nesciebat?
768 3267 879 3333 Nonne
902 3268 934 3333 id
956 3269 1065 3354 probat
1086 3275 1186 3331 totum

183 3385 286 3449 locum
316 3408 380 3449 esse
403 3394 606 3451 commentum
630 3386 832 3466 rhetoricum,
857 3409 918 3471 quo
942 3387 1070 3471 scriptor
1092 3393 1185 3449 artem

184 3527 270 3568 suam
293 3505 451 3569 ostendere
475 3505 618 3569 studuit?
640 3505 709 3570 Jam
733 3503 874 3589 sequitur
894 3505 999 3590 pulcra
1021 3503 1185 3588 tragoedia.

183 3621 263 3687 Vide
292 3645 384 3706 quam
415 3631 594 3708 exaggerata
624 3624 686 3688 sint
716 3624 832 3688 omnia:
865 3623 1055 3704 προσηλθέτην
1078 3622 1187 3705 σπουδῇ

182 3742 393 3824 τεθορυβημένω
423 3745 616 3821 θοιυμοιστῶς;
649 3751 679 3807 et
709 3719 801 3828 paulo
833 3755 918 3828 post:
950 3741 1187 3819 ξυνιοκολσθθησον

183 3859 285 3941 οἱπθση
315 3870 455 3942 μηχοινῇ,
484 3861 526 3926 h.·
540 3886 570 3926 eo
589 3862 730 3926 manibus
754 3861 902 3947 pedibus,
927 3862 1016 3925 remis
1041 3868 1071 3924 et
1093 3860 1184 3924 velis!

183 3977 261 4042 Tum
277 3985 337 4042 tres
354 3979 442 4042 amici
458 4002 519 4043 una
533 3980 649 4044 intrant
665 3979 703 4043 ad
719 3979 915 4068 Dionysium..
935 3978 988 4042 Illi
1004 3978 1092 4043 ambo
1105 3985 1187 4041 stant

185 4098 276 4175 muti,
296 4097 510 4182 lacrymantes,
527 4098 615 4162 Plato
630 4098 723 4163 libere
740 4105 903 4182 tyrannum
920 4094 1096 4182 alloquitur.
1128 4095 1186 4158 Res

1050 4219 1069 4274 6
