2746 4950
562 333 623 392 201

94 541 141 603 aa.
177 540 341 605 Ferebatur
364 540 504 624 Lynceus
528 546 613 603 tanta
637 538 767 602 valuisse
795 535 952 599 oculorum
977 532 1039 597 acie
1062 539 1098 594 ut

94 659 141 722 διὰ
156 658 232 737 δρυὸς
247 657 323 741 ὁρῴη.
354 659 412 723 Sed
429 658 584 744 Lynceum
607 658 700 721 inisse
713 656 798 719 velut
811 654 942 718 alterum
956 650 1100 716 Aescula-

94 777 195 861 pium,
216 779 451 860 acroamata,
477 778 551 860 hoc,
576 777 702 862 opinor,
727 775 854 840 eruditis
875 781 939 837 erat
949 773 1098 857 ignotum.

556 1018 625 1100 sa.

319 1253 365 1314 De
388 1275 497 1327 arcano
520 1252 655 1315 Plutonis
671 1251 870 1334 philosophia.

136 1486 264 1550 Miretur
288 1489 370 1570 qum,
395 1489 448 1572 qui
471 1489 535 1552 fieri
558 1488 694 1572 potuerit
717 1495 752 1551 ut
769 1488 897 1571 scriptor
913 1487 945 1549 in
960 1484 1098 1548 Plutonis

91 1605 221 1669 lectione
234 1612 296 1669 tam
309 1615 453 1684 versatus,
473 1607 593 1690 qualem
609 1616 711 1670 noster
727 1629 758 1669 se
770 1605 919 1683 ostendit,
933 1606 965 1668 in
977 1604 1099 1668 rationi-

91 1724 149 1788 bus
180 1724 245 1788 eius
277 1725 461 1809 explicandis
492 1727 536 1788 ita
559 1724 769 1801 halucinetur‚
793 1733 846 1802 ut,
879 1746 956 1808 quae
981 1723 1018 1786 ab
1042 1723 1095 1785 illo

92 1843 226 1907 dilucide
257 1853 330 1907 sunt
360 1845 513 1928 exposita,
545 1852 696 1928 pervertat
727 1843 815 1928 plane
851 1855 881 1907 et
913 1832 1095 1926 corrumpat.

90 1962 299 2027 Tribuendum
330 1964 388 2027 hoc
418 1971 493 2048 puto
525 1964 635 2047 partim
668 1964 821 2047 scriptoris
854 1963 1007 2039 inscitiae,
1045 1961 1098 2045 qui

89 2083 187 2166 magis
216 2081 306 2147 verba
337 2090 367 2146 et
397 2083 509 2167 figuras
540 2106 631 2166 quam
662 2091 794 2146 mentem
826 2093 856 2146 et
879 2083 1011 2167 cogitata
1033 2080 1098 2165 phi·

90 2200 210 2286 losophi
245 2201 433 2279 attenderet,
469 2203 578 2287 partim
613 2226 683 2266 vero
715 2205 806 2268 etiam
837 2203 930 2289 falsae
961 2200 1097 2286 opinioni

90 2343 167 2404 quae
194 2322 278 2385 illius
299 2322 447 2406 judicium
473 2324 625 2407 pervertit.
674 2321 846 2386 Obtrudere
868 2322 1011 2385 nimirum
1032 2321 1098 2384 Pla-

90 2439 157 2503 toni
196 2439 316 2503 studuit
351 2441 531 2526 sapientiam
565 2441 716 2524 quandam
751 2463 908 2517 arcanam,
936 2439 1096 2503 verborum

91 2558 371 2641 sententiarumque
400 2561 486 2642 quasi
510 2560 591 2623 nube
614 2560 801 2637 involutam,
826 2567 971 2642 tanquam
996 2557 1098 2621 celsio-

90 2698 154 2739 rem
177 2684 207 2739 et
222 2676 400 2740 diviniorem
425 2700 515 2761 quarn
540 2701 617 2762 quae
639 2679 671 2741 iu
684 2678 794 2763 vulgus
808 2678 904 2741 efferri
917 2685 969 2740 aut
985 2677 1096 2759 scripto

91 2794 228 2858 mundari
247 2803 357 2878 posset.
392 2798 526 2880 Apparet
549 2797 606 2860 hoc
631 2820 667 2860 ex
690 2803 823 2861 extrema
847 2797 938 2860 huius
962 2796 1098 2880 disputa-

91 2913 184 2976 tionis
208 2921 311 2997 parte,
336 2914 374 2977 ad
398 2937 490 2998 quam
512 2939 595 2979 nunc
619 2916 799 2980 accedimus.

137 3148 302 3232 Postquam
326 3149 403 3212 dixit
426 3151 584 3214 scientiam
607 3176 624 3215 a
648 3153 769 3215 nemine
793 3153 905 3236 percipi
929 3174 1016 3236 posse
1039 3152 1098 3215 nisi

91 3267 146 3349 qui
177 3268 216 3330 sit
247 3267 367 3330 veritati
391 3276 536 3352 cognatus
560 3269 598 3332 ad
622 3293 747 3355 eamque
770 3279 880 3334 natura
903 3279 991 3356 aptus
1015 3270 1097 3352 (ξυγ-
1156 3277 1159 3284 “

90 3386 206 3468 ysaac),
232 3393 262 3448 et
285 3385 441 3449 veritatem
464 3409 526 3450 non
549 3388 608 3450 nisi
631 3389 712 3462 ucria
734 3389 835 3467 τριβῆς
849 3398 977 3464 πολλῆς,
995 3389 1097 3452 11111111-

90 3503 164 3587 plici
188 3502 410 3588 disputatione,
435 3505 650 3590 interrogando
674 3517 703 3570 et
719 3507 944 3591 respondendo,
968 3508 1096 3571 inveniri

89 3643 196 3704 posse,
229 3621 370 3706 deinceps
404 3623 442 3686 ad
465 3623 543 3686 illud
567 3623 646 3699 redit
672 3625 755 3709 quod
775 3628 837 3710 jam
861 3627 891 3689 in
916 3627 1096 3711 praegressis
1162 3693 1164 3696 .

89 3739 189 3804 obiter
212 3739 344 3803 dixerat:
369 3743 519 3805 nemiuem
543 3744 710 3827 sapientem
733 3744 796 3808 fore
817 3737 871 3829 dui
887 3746 1019 3829 cogitata
1034 3746 1099 3810 lite-

88 3882 192 3922 rarum
223 3861 303 3923 notis
334 3860 477 3925 mandare
507 3863 632 3927 audeat:
665 3869 726 3929 νοῦν
749 3865 825 3946 ἔχων
848 3864 936 3936 οὐδεὶς
959 3867 1097 3941 τολμήσει

89 3979 156 4040 ποτ’
178 3979 217 4048 εἷς
240 3978 312 4043 adri
334 3980 438 4044 τιθέναι
461 3982 501 4044 rot
524 3983 675 4059 νενοημένον
697 3984 746 4046 ὑπ’
761 3987 865 4065 αὐτοῦ,
889 3984 940 4047 aa}
957 3986 1042 4048 τωῦτ’
1058 3985 1097 4055 εἷς

87 4097 319 4178 ἀμετακίνητον,
344 4094 357 4160 ὃ
381 4097 413 4172 dt
433 4097 547 4179 πάσχει
565 4101 606 4164 τὰ
625 4100 823 4179 γεγραμμέναι
841 4103 961 4173 τύποις.
988 4104 1095 4186 113413
