<?xml version="1.0" encoding="UTF-8"?>
<!DOCTYPE html PUBLIC "-//W3C//DTD XHTML 1.0 Transitional//EN"
    "http://www.w3.org/TR/xhtml1/DTD/xhtml1-transitional.dtd">
<html xmlns="http://www.w3.org/1999/xhtml" xml:lang="en" lang="en">
 <head>
  <title>
</title>
<meta http-equiv="Content-Type" content="text/html;charset=utf-8" />
  <meta name='ocr-system' content='tesseract 3.04.00' />
  <meta name='ocr-capabilities' content='ocr_page ocr_carea ocr_par ocr_line ocrx_word'/>
</head>
<body>
  <div class='ocr_page' id='page_1' title='image "./commentatiocrit00karsgoog_0202.png"; bbox 0 0 2746 4950; ppageno 0'>
   <div class='ocr_carea' id='block_1_1' title="bbox 664 342 726 405">
    <p class='ocr_par' dir='ltr' id='par_1_1' title="bbox 664 342 726 405">
     <span class='ocr_line' id='line_1_1' title="bbox 664 342 726 405; baseline 0.032 -2"><span class='ocrx_word' id='word_1_1' title='bbox 664 342 726 405; x_wconf 84' lang='grc'>173</span> 
     </span>
    </p>
   </div>
   <div class='ocr_carea' id='block_1_2' title="bbox 183 543 1188 986">
    <p class='ocr_par' dir='ltr' id='par_1_2' title="bbox 183 543 1188 986">
     <span class='ocr_line' id='line_1_2' title="bbox 183 543 1188 630; baseline 0.005 -22"><span class='ocrx_word' id='word_1_2' title='bbox 183 545 218 608; x_wconf 91' lang='lat' dir='ltr'>in</span> <span class='ocrx_word' id='word_1_3' title='bbox 241 543 415 630; x_wconf 83' lang='lat' dir='ltr'>Aegyptum</span> <span class='ocrx_word' id='word_1_4' title='bbox 437 569 453 610; x_wconf 90' lang='lat' dir='ltr'>e</span> <span class='ocrx_word' id='word_1_5' title='bbox 476 545 568 609; x_wconf 84' lang='lat' dir='ltr'>simili</span> <span class='ocrx_word' id='word_1_6' title='bbox 595 569 716 610; x_wconf 86' lang='lat' dir='ltr'>causam</span> <span class='ocrx_word' id='word_1_7' title='bbox 739 547 844 611; x_wconf 90' lang='lat' dir='ltr'>fictum</span> <span class='ocrx_word' id='word_1_8' title='bbox 867 570 940 612; x_wconf 88' lang='lat' dir='ltr'>esse.</span> <span class='ocrx_word' id='word_1_9' title='bbox 986 547 1085 613; x_wconf 92' lang='lat' dir='ltr'>Nemo</span> <span class='ocrx_word' id='word_1_10' title='bbox 1108 549 1188 613; x_wconf 91' lang='lat' dir='ltr'>enim</span> 
     </span>
     <span class='ocr_line' id='line_1_3' title="bbox 183 664 1185 748; baseline 0.005 -21"><span class='ocrx_word' id='word_1_11' title='bbox 183 664 321 747; x_wconf 80' lang='lat' dir='ltr'>ignorat,</span> <span class='ocrx_word' id='word_1_12' title='bbox 346 672 461 748; x_wconf 89' lang='lat' dir='ltr'>quanto</span> <span class='ocrx_word' id='word_1_13' title='bbox 483 665 585 729; x_wconf 87' lang='lat' dir='ltr'>studio</span> <span class='ocrx_word' id='word_1_14' title='bbox 605 665 803 731; x_wconf 81' lang='lat' dir='ltr'>Alexandrini</span> <span class='ocrx_word' id='word_1_15' title='bbox 818 666 976 731; x_wconf 78' lang='lat' dir='ltr'>ostendere</span> <span class='ocrx_word' id='word_1_16' title='bbox 991 668 1092 732; x_wconf 88' lang='lat' dir='ltr'>conati</span> <span class='ocrx_word' id='word_1_17' title='bbox 1107 669 1185 746; x_wconf 89' lang='lat' dir='ltr'>sint,</span> 
     </span>
     <span class='ocr_line' id='line_1_4' title="bbox 183 781 1184 871; baseline 0.004 -26"><span class='ocrx_word' id='word_1_18' title='bbox 183 783 283 846; x_wconf 91' lang='lat' dir='ltr'>omnis</span> <span class='ocrx_word' id='word_1_19' title='bbox 303 781 488 848; x_wconf 85' lang='lat' dir='ltr'>Graecorum</span> <span class='ocrx_word' id='word_1_20' title='bbox 515 783 712 848; x_wconf 89' lang='lat' dir='ltr'>humanitatis</span> <span class='ocrx_word' id='word_1_21' title='bbox 736 792 766 848; x_wconf 90' lang='lat' dir='ltr'>et</span> <span class='ocrx_word' id='word_1_22' title='bbox 786 785 950 869; x_wconf 75' lang='lat' dir='ltr'>sapientiae</span> <span class='ocrx_word' id='word_1_23' title='bbox 965 787 1139 871; x_wconf 81' lang='lat' dir='ltr'>Aegyptum</span> <span class='ocrx_word' id='word_1_24' title='bbox 1154 793 1184 850; x_wconf 90' lang='lat' dir='ltr'>et</span> 
     </span>
     <span class='ocr_line' id='line_1_5' title="bbox 185 899 826 986; baseline 0.005 -23"><span class='ocrx_word' id='word_1_25' title='bbox 185 899 344 965; x_wconf 84' lang='lat' dir='ltr'>Orientem</span> <span class='ocrx_word' id='word_1_26' title='bbox 367 902 455 986; x_wconf 92' lang='lat' dir='ltr'>quasi</span> <span class='ocrx_word' id='word_1_27' title='bbox 476 901 662 966; x_wconf 87' lang='lat' dir='ltr'>incunabula</span> <span class='ocrx_word' id='word_1_28' title='bbox 684 902 786 966; x_wconf 90' lang='lat' dir='ltr'>fnisse.</span> <span class='ocrx_word' id='word_1_29' title='bbox 802 903 826 986; x_wconf 75' lang='grc' dir='ltr'>Ι)</span> 
     </span>
    </p>
   </div>
   <div class='ocr_carea' id='block_1_3' title="bbox 230 985 1226 1107">
    <p class='ocr_par' dir='ltr' id='par_1_3' title="bbox 230 985 1226 1107">
     <span class='ocr_line' id='line_1_6' title="bbox 230 985 1226 1107; baseline 0.002 -24"><span class='ocrx_word' id='word_1_30' title='bbox 230 1017 338 1105; x_wconf 85' lang='lat' dir='ltr'>Neque</span> <span class='ocrx_word' id='word_1_31' title='bbox 363 1044 432 1086; x_wconf 87' lang='lat' dir='ltr'>vero</span> <span class='ocrx_word' id='word_1_32' title='bbox 449 1021 486 1085; x_wconf 90' lang='lat' dir='ltr'>iis</span> <span class='ocrx_word' id='word_1_33' title='bbox 503 1022 556 1105; x_wconf 88' lang='lat' dir='ltr'>qui</span> <span class='ocrx_word' id='word_1_34' title='bbox 571 1020 706 1085; x_wconf 83' lang='lat' dir='ltr'>Platonis</span> <span class='ocrx_word' id='word_1_35' title='bbox 722 1021 900 1106; x_wconf 88' lang='lat' dir='ltr'>sapientiam</span> <span class='ocrx_word' id='word_1_36' title='bbox 913 985 950 1086; x_wconf 91' lang='lat' dir='ltr'>ab</span> <span class='ocrx_word' id='word_1_37' title='bbox 961 1020 1096 1086; x_wconf 85' lang='lat' dir='ltr'>Orientis</span> <span class='ocrx_word' id='word_1_38' title='bbox 1107 1043 1185 1086; x_wconf 90' lang='lat' dir='ltr'>com·</span> <span class='ocrx_word' id='word_1_39' title='bbox 1224 1100 1226 1107; x_wconf 58' lang='lat'>.</span> 
     </span>
    </p>
   </div>
   <div class='ocr_carea' id='block_1_4' title="bbox 149 1139 1195 3842">
    <p class='ocr_par' dir='ltr' id='par_1_4' title="bbox 149 1139 1195 3359">
     <span class='ocr_line' id='line_1_7' title="bbox 183 1139 1184 1227; baseline 0.001 -22"><span class='ocrx_word' id='word_1_40' title='bbox 183 1139 297 1205; x_wconf 89' lang='lat' dir='ltr'>mercio</span> <span class='ocrx_word' id='word_1_41' title='bbox 323 1147 457 1225; x_wconf 87' lang='lat' dir='ltr'>repetere</span> <span class='ocrx_word' id='word_1_42' title='bbox 472 1141 602 1218; x_wconf 89' lang='lat' dir='ltr'>vellent,</span> <span class='ocrx_word' id='word_1_43' title='bbox 615 1141 728 1206; x_wconf 91' lang='lat' dir='ltr'>indicia</span> <span class='ocrx_word' id='word_1_44' title='bbox 738 1141 841 1206; x_wconf 89' lang='lat' dir='ltr'>deesse</span> <span class='ocrx_word' id='word_1_45' title='bbox 855 1148 996 1227; x_wconf 88' lang='lat' dir='ltr'>poterant</span> <span class='ocrx_word' id='word_1_46' title='bbox 1010 1141 1092 1206; x_wconf 93' lang='lat' dir='ltr'>unde</span> <span class='ocrx_word' id='word_1_47' title='bbox 1107 1141 1184 1206; x_wconf 88' lang='lat' dir='ltr'>cius·</span> 
     </span>
     <span class='ocr_line' id='line_1_8' title="bbox 182 1257 1183 1345; baseline 0.001 -23"><span class='ocrx_word' id='word_1_48' title='bbox 182 1258 269 1322; x_wconf 91' lang='lat' dir='ltr'>modi</span> <span class='ocrx_word' id='word_1_49' title='bbox 299 1258 374 1343; x_wconf 92' lang='lat' dir='ltr'>quid</span> <span class='ocrx_word' id='word_1_50' title='bbox 397 1258 556 1323; x_wconf 90' lang='lat' dir='ltr'>efficerent.</span> <span class='ocrx_word' id='word_1_51' title='bbox 602 1257 641 1323; x_wconf 79' lang='lat' dir='ltr'>ln</span> <span class='ocrx_word' id='word_1_52' title='bbox 663 1259 825 1324; x_wconf 88' lang='lat' dir='ltr'>Phaedone</span> <span class='ocrx_word' id='word_1_53' title='bbox 847 1282 877 1345; x_wconf 92' lang='lat' dir='ltr'>p.</span> <span class='ocrx_word' id='word_1_54' title='bbox 904 1261 944 1326; x_wconf 83' lang='grc'>78</span> <span class='ocrx_word' id='word_1_55' title='bbox 968 1258 1109 1323; x_wconf 87' lang='lat' dir='ltr'>audimus</span> <span class='ocrx_word' id='word_1_56' title='bbox 1131 1259 1183 1323; x_wconf 83' lang='lat' dir='ltr'>So·</span> 
     </span>
     <span class='ocr_line' id='line_1_9' title="bbox 184 1376 1183 1463; baseline -0.001 -21"><span class='ocrx_word' id='word_1_57' title='bbox 184 1384 301 1442; x_wconf 89' lang='lat' dir='ltr'>cratem</span> <span class='ocrx_word' id='word_1_58' title='bbox 335 1377 374 1442; x_wconf 90' lang='lat' dir='ltr'>ad</span> <span class='ocrx_word' id='word_1_59' title='bbox 407 1379 535 1455; x_wconf 89' lang='lat' dir='ltr'>amicos,</span> <span class='ocrx_word' id='word_1_60' title='bbox 567 1378 621 1462; x_wconf 94' lang='lat' dir='ltr'>qui</span> <span class='ocrx_word' id='word_1_61' title='bbox 644 1376 811 1442; x_wconf 80' lang='lat' dir='ltr'>discessum</span> <span class='ocrx_word' id='word_1_62' title='bbox 834 1379 899 1442; x_wconf 89' lang='lat' dir='ltr'>eius</span> <span class='ocrx_word' id='word_1_63' title='bbox 922 1378 1085 1463; x_wconf 83' lang='lat' dir='ltr'>lugebant,</span> <span class='ocrx_word' id='word_1_64' title='bbox 1109 1377 1183 1443; x_wconf 90' lang='lat' dir='ltr'>haec</span> 
     </span>
     <span class='ocr_line' id='line_1_10' title="bbox 185 1494 1183 1581; baseline 0.003 -21"><span class='ocrx_word' id='word_1_65' title='bbox 185 1496 351 1561; x_wconf 86' lang='lat' dir='ltr'>dicentem:</span> <span class='ocrx_word' id='word_1_66' title='bbox 376 1499 472 1573; x_wconf 73' lang='grc' dir='ltr'><em>πολλὴ</em></span> <span class='ocrx_word' id='word_1_67' title='bbox 494 1498 547 1576; x_wconf 80' lang='grc' dir='ltr'>μὲν</span> <span class='ocrx_word' id='word_1_68' title='bbox 571 1500 587 1573; x_wconf 78' lang='grc' dir='ltr'><em>ἡ</em></span> <span class='ocrx_word' id='word_1_69' title='bbox 611 1496 739 1571; x_wconf 70' lang='grc' dir='ltr'><strong><em>Ἑλλάς,</em></strong></span> <span class='ocrx_word' id='word_1_70' title='bbox 764 1494 784 1562; x_wconf 76' lang='grc' dir='ltr'><strong><em>ὦ</em></strong></span> <span class='ocrx_word' id='word_1_71' title='bbox 807 1498 921 1576; x_wconf 73' lang='grc' dir='ltr'><em>Κέβης,</em></span> <span class='ocrx_word' id='word_1_72' title='bbox 945 1499 973 1562; x_wconf 84' lang='grc' dir='ltr'>ἐν</span> <span class='ocrx_word' id='word_1_73' title='bbox 995 1495 1014 1581; x_wconf 75' lang='grc' dir='ltr'><strong><em>ᾖ</em></strong></span> <span class='ocrx_word' id='word_1_74' title='bbox 1035 1499 1119 1563; x_wconf 75' lang='grc' dir='ltr'><em>ἔνεισί</em></span> <span class='ocrx_word' id='word_1_75' title='bbox 1128 1522 1183 1563; x_wconf 85' lang='grc' dir='ltr'>τον</span> 
     </span>
     <span class='ocr_line' id='line_1_11' title="bbox 149 1610 1182 1700; baseline 0.001 -19"><span class='ocrx_word' id='word_1_76' title='bbox 149 1663 151 1666; x_wconf 51' lang='lat'>&lt;</span> <span class='ocrx_word' id='word_1_77' title='bbox 181 1615 289 1693; x_wconf 70' lang='grc' dir='ltr'><em>ἀγαθοὶ</em></span> <span class='ocrx_word' id='word_1_78' title='bbox 313 1614 426 1698; x_wconf 72' lang='grc' dir='ltr'><em>ἄνδρες,</em></span> <span class='ocrx_word' id='word_1_79' title='bbox 450 1617 549 1681; x_wconf 69' lang='grc' dir='ltr'><em>πολλοὶ</em></span> <span class='ocrx_word' id='word_1_80' title='bbox 571 1616 600 1681; x_wconf 79' lang='grc' dir='ltr'>δὲ</span> <span class='ocrx_word' id='word_1_81' title='bbox 622 1616 671 1681; x_wconf 72' lang='grc' dir='ltr'>καὶ</span> <span class='ocrx_word' id='word_1_82' title='bbox 693 1618 734 1682; x_wconf 71' lang='grc' dir='ltr'>τοὶ</span> <span class='ocrx_word' id='word_1_83' title='bbox 756 1622 811 1681; x_wconf 81' lang='grc' dir='ltr'>τῶν</span> <span class='ocrx_word' id='word_1_84' title='bbox 833 1617 989 1696; x_wconf 72' lang='grc' dir='ltr'><em>βαρβαρων</em></span> <span class='ocrx_word' id='word_1_85' title='bbox 1011 1618 1098 1700; x_wconf 71' lang='grc' dir='ltr'><em>γένη,</em></span> <span class='ocrx_word' id='word_1_86' title='bbox 1121 1610 1182 1692; x_wconf 79' lang='grc' dir='ltr'>οὓς</span> 
     </span>
     <span class='ocr_line' id='line_1_12' title="bbox 183 1731 1181 1816; baseline 0.001 -18"><span class='ocrx_word' id='word_1_87' title='bbox 183 1731 328 1806; x_wconf 68' lang='grc' dir='ltr'><em>πάντας</em></span> <span class='ocrx_word' id='word_1_88' title='bbox 357 1735 428 1815; x_wconf 71' lang='grc' dir='ltr'>χρὴ</span> <span class='ocrx_word' id='word_1_89' title='bbox 458 1734 699 1815; x_wconf 72' lang='grc' dir='ltr'>διερευνᾶσθαι</span> <span class='ocrx_word' id='word_1_90' title='bbox 730 1734 885 1816; x_wconf 71' lang='grc' dir='ltr'><em>ζητοῦντας</em></span> <span class='ocrx_word' id='word_1_91' title='bbox 915 1741 1037 1799; x_wconf 77' lang='grc' dir='ltr'><em>τοιοῦτον</em></span> <span class='ocrx_word' id='word_1_92' title='bbox 1059 1734 1181 1816; x_wconf 77' lang='grc' dir='ltr'><em>ἐπῳδόν,</em></span> 
     </span>
     <span class='ocr_line' id='line_1_13' title="bbox 181 1850 1183 1935; baseline 0.002 -19"><span class='ocrx_word' id='word_1_93' title='bbox 181 1852 261 1931; x_wconf 77' lang='grc' dir='ltr'><em>μήτε</em></span> <span class='ocrx_word' id='word_1_94' title='bbox 283 1850 443 1933; x_wconf 67' lang='grc' dir='ltr'><em>χρημάτων</em></span> <span class='ocrx_word' id='word_1_95' title='bbox 464 1851 646 1935; x_wconf 78' lang='grc' dir='ltr'><em>Φενδομὲνονς</em></span> <span class='ocrx_word' id='word_1_96' title='bbox 669 1855 745 1932; x_wconf 74' lang='grc' dir='ltr'><em>μήτε</em></span> <span class='ocrx_word' id='word_1_97' title='bbox 764 1856 863 1920; x_wconf 79' lang='grc' dir='ltr'><em>τόνον.</em></span> <span class='ocrx_word' id='word_1_98' title='bbox 888 1852 993 1933; x_wconf 79' lang='lat' dir='ltr'>Quum</span> <span class='ocrx_word' id='word_1_99' title='bbox 1005 1853 1093 1917; x_wconf 89' lang='lat' dir='ltr'>Plato</span> <span class='ocrx_word' id='word_1_100' title='bbox 1110 1854 1183 1918; x_wconf 92' lang='lat' dir='ltr'>haec</span> 
     </span>
     <span class='ocr_line' id='line_1_14' title="bbox 182 1969 1182 2058; baseline 0.002 -24"><span class='ocrx_word' id='word_1_101' title='bbox 182 1969 337 2034; x_wconf 85' lang='lat' dir='ltr'>Socratem</span> <span class='ocrx_word' id='word_1_102' title='bbox 368 1970 485 2054; x_wconf 89' lang='lat' dir='ltr'>aliquot</span> <span class='ocrx_word' id='word_1_103' title='bbox 512 1973 598 2036; x_wconf 89' lang='lat' dir='ltr'>annis</span> <span class='ocrx_word' id='word_1_104' title='bbox 628 1981 697 2058; x_wconf 87' lang='lat' dir='ltr'>post</span> <span class='ocrx_word' id='word_1_105' title='bbox 728 1973 793 2036; x_wconf 88' lang='lat' dir='ltr'>eius</span> <span class='ocrx_word' id='word_1_106' title='bbox 815 1979 943 2038; x_wconf 87' lang='lat' dir='ltr'>mortem</span> <span class='ocrx_word' id='word_1_107' title='bbox 966 1972 1117 2036; x_wconf 88' lang='lat' dir='ltr'>dicentem</span> <span class='ocrx_word' id='word_1_108' title='bbox 1140 1972 1182 2036; x_wconf 85' lang='lat' dir='ltr'>ia·</span> 
     </span>
     <span class='ocr_line' id='line_1_15' title="bbox 183 2089 1184 2176; baseline 0.002 -24"><span class='ocrx_word' id='word_1_109' title='bbox 183 2089 242 2166; x_wconf 90' lang='lat' dir='ltr'>cit,</span> <span class='ocrx_word' id='word_1_110' title='bbox 276 2096 378 2174; x_wconf 89' lang='lat' dir='ltr'>posset</span> <span class='ocrx_word' id='word_1_111' title='bbox 412 2089 521 2174; x_wconf 91' lang='lat' dir='ltr'>aliquis</span> <span class='ocrx_word' id='word_1_112' title='bbox 552 2090 670 2175; x_wconf 89' lang='lat' dir='ltr'>opinari</span> <span class='ocrx_word' id='word_1_113' title='bbox 701 2101 770 2155; x_wconf 79' lang='lat' dir='ltr'>e&#39;um</span> <span class='ocrx_word' id='word_1_114' title='bbox 803 2090 982 2176; x_wconf 84' lang='lat' dir='ltr'>magistrum</span> <span class='ocrx_word' id='word_1_115' title='bbox 1015 2113 1106 2155; x_wconf 90' lang='lat' dir='ltr'>suum</span> <span class='ocrx_word' id='word_1_116' title='bbox 1125 2090 1184 2154; x_wconf 82' lang='lat' dir='ltr'>in·</span> 
     </span>
     <span class='ocr_line' id='line_1_16' title="bbox 184 2187 1184 2294; baseline 0.002 -24"><span class='ocrx_word' id='word_1_117' title='bbox 184 2187 308 2271; x_wconf 82' lang='lat' dir='ltr'>duirisse</span> <span class='ocrx_word' id='word_1_118' title='bbox 337 2206 370 2270; x_wconf 92' lang='lat' dir='ltr'>id</span> <span class='ocrx_word' id='word_1_119' title='bbox 400 2207 593 2286; x_wconf 88' lang='lat' dir='ltr'>suadentem,</span> <span class='ocrx_word' id='word_1_120' title='bbox 618 2207 701 2293; x_wconf 91' lang='lat' dir='ltr'>quod</span> <span class='ocrx_word' id='word_1_121' title='bbox 730 2210 795 2294; x_wconf 86' lang='lat' dir='ltr'>ipse</span> <span class='ocrx_word' id='word_1_122' title='bbox 821 2216 926 2294; x_wconf 87' lang='lat' dir='ltr'>postea</span> <span class='ocrx_word' id='word_1_123' title='bbox 948 2230 1019 2273; x_wconf 92' lang='lat' dir='ltr'>cum</span> <span class='ocrx_word' id='word_1_124' title='bbox 1041 2208 1109 2273; x_wconf 90' lang='lat' dir='ltr'>aliis</span> <span class='ocrx_word' id='word_1_125' title='bbox 1132 2208 1184 2272; x_wconf 85' lang='lat' dir='ltr'>So·</span> 
     </span>
     <span class='ocr_line' id='line_1_17' title="bbox 183 2325 1195 2411; baseline 0.003 -22"><span class='ocrx_word' id='word_1_126' title='bbox 183 2325 275 2389; x_wconf 91' lang='lat' dir='ltr'>cratis</span> <span class='ocrx_word' id='word_1_127' title='bbox 306 2325 462 2410; x_wconf 88' lang='lat' dir='ltr'>discipulis</span> <span class='ocrx_word' id='word_1_128' title='bbox 493 2327 612 2390; x_wconf 89' lang='lat' dir='ltr'>fecisset</span> <span class='ocrx_word' id='word_1_129' title='bbox 619 2354 628 2405; x_wconf 74' lang='lat'>5</span> <span class='ocrx_word' id='word_1_130' title='bbox 660 2349 757 2411; x_wconf 91' lang='lat' dir='ltr'>neque</span> <span class='ocrx_word' id='word_1_131' title='bbox 788 2326 820 2392; x_wconf 91' lang='lat' dir='ltr'>id</span> <span class='ocrx_word' id='word_1_132' title='bbox 848 2335 926 2392; x_wconf 88' lang='lat' dir='ltr'>esset</span> <span class='ocrx_word' id='word_1_133' title='bbox 949 2327 1105 2392; x_wconf 90' lang='lat' dir='ltr'>absonum.</span> <span class='ocrx_word' id='word_1_134' title='bbox 1151 2327 1195 2391; x_wconf 85' lang='lat' dir='ltr'>Si</span> 
     </span>
     <span class='ocr_line' id='line_1_18' title="bbox 182 2444 1182 2528; baseline 0.003 -21"><span class='ocrx_word' id='word_1_135' title='bbox 182 2450 285 2508; x_wconf 90' lang='lat' dir='ltr'>tamen</span> <span class='ocrx_word' id='word_1_136' title='bbox 325 2450 501 2528; x_wconf 88' lang='lat' dir='ltr'>reputamus</span> <span class='ocrx_word' id='word_1_137' title='bbox 535 2444 689 2510; x_wconf 86' lang='lat' dir='ltr'>Socratem</span> <span class='ocrx_word' id='word_1_138' title='bbox 722 2446 818 2511; x_wconf 86' lang='lat' dir='ltr'>facete</span> <span class='ocrx_word' id='word_1_139' title='bbox 848 2454 878 2512; x_wconf 91' lang='lat' dir='ltr'>et</span> <span class='ocrx_word' id='word_1_140' title='bbox 908 2447 1021 2511; x_wconf 87' lang='lat' dir='ltr'>ironice</span> <span class='ocrx_word' id='word_1_141' title='bbox 1058 2446 1108 2510; x_wconf 91' lang='lat' dir='ltr'>bic</span> <span class='ocrx_word' id='word_1_142' title='bbox 1140 2446 1182 2510; x_wconf 93' lang='lat' dir='ltr'>lo·</span> 
     </span>
     <span class='ocr_line' id='line_1_19' title="bbox 181 2562 1181 2652; baseline 0.004 -26"><span class='ocrx_word' id='word_1_143' title='bbox 181 2564 254 2648; x_wconf 92' lang='lat' dir='ltr'>qui,</span> <span class='ocrx_word' id='word_1_144' title='bbox 269 2587 272 2594; x_wconf 84' lang='grc'><strong>’</strong></span> <span class='ocrx_word' id='word_1_145' title='bbox 288 2562 475 2650; x_wconf 90' lang='lat' dir='ltr'>probabilius</span> <span class='ocrx_word' id='word_1_146' title='bbox 508 2571 554 2628; x_wconf 86' lang='lat' dir='ltr'>est</span> <span class='ocrx_word' id='word_1_147' title='bbox 574 2587 675 2631; x_wconf 83' lang='lat' dir='ltr'>reram</span> <span class='ocrx_word' id='word_1_148' title='bbox 698 2574 728 2629; x_wconf 90' lang='lat' dir='ltr'>et</span> <span class='ocrx_word' id='word_1_149' title='bbox 750 2565 880 2630; x_wconf 85' lang='lat' dir='ltr'>Socratis</span> <span class='ocrx_word' id='word_1_150' title='bbox 906 2573 937 2631; x_wconf 89' lang='lat' dir='ltr'>et</span> <span class='ocrx_word' id='word_1_151' title='bbox 959 2566 1055 2652; x_wconf 88' lang='lat' dir='ltr'>ipsius</span> <span class='ocrx_word' id='word_1_152' title='bbox 1079 2565 1181 2630; x_wconf 89' lang='lat' dir='ltr'>Plato·</span> 
     </span>
     <span class='ocr_line' id='line_1_20' title="bbox 181 2682 1182 2769; baseline 0.002 -23"><span class='ocrx_word' id='word_1_153' title='bbox 181 2683 232 2747; x_wconf 89' lang='lat' dir='ltr'>nis</span> <span class='ocrx_word' id='word_1_154' title='bbox 260 2689 392 2747; x_wconf 89' lang='lat' dir='ltr'>mentem</span> <span class='ocrx_word' id='word_1_155' title='bbox 420 2705 589 2768; x_wconf 86' lang='lat' dir='ltr'>expressam</span> <span class='ocrx_word' id='word_1_156' title='bbox 617 2707 681 2748; x_wconf 90' lang='lat' dir='ltr'>esse</span> <span class='ocrx_word' id='word_1_157' title='bbox 710 2684 757 2749; x_wconf 90' lang='lat' dir='ltr'>his</span> <span class='ocrx_word' id='word_1_158' title='bbox 785 2683 882 2749; x_wconf 83' lang='lat' dir='ltr'>verbis</span> <span class='ocrx_word' id='word_1_159' title='bbox 905 2707 983 2769; x_wconf 88' lang='lat' dir='ltr'>qnae</span> <span class='ocrx_word' id='word_1_160' title='bbox 1006 2683 1109 2748; x_wconf 90' lang='lat' dir='ltr'>statim</span> <span class='ocrx_word' id='word_1_161' title='bbox 1132 2682 1182 2748; x_wconf 90' lang='lat' dir='ltr'>ad·</span> 
     </span>
     <span class='ocr_line' id='line_1_21' title="bbox 184 2800 1182 2885; baseline 0.003 -20"><span class='ocrx_word' id='word_1_162' title='bbox 184 2801 250 2866; x_wconf 89' lang='lat' dir='ltr'>dit:</span> <span class='ocrx_word' id='word_1_163' title='bbox 269 2800 363 2883; x_wconf 74' lang='grc' dir='ltr'><em>ζητεῖν</em></span> <span class='ocrx_word' id='word_1_164' title='bbox 381 2801 411 2865; x_wconf 75' lang='grc' dir='ltr'>δὲ</span> <span class='ocrx_word' id='word_1_165' title='bbox 432 2803 491 2883; x_wconf 69' lang='grc' dir='ltr'>χρὴ</span> <span class='ocrx_word' id='word_1_166' title='bbox 512 2802 561 2867; x_wconf 80' lang='grc' dir='ltr'>καὶ</span> <span class='ocrx_word' id='word_1_167' title='bbox 586 2803 712 2875; x_wconf 79' lang='grc' dir='ltr'><em>αὐτοὺς</em></span> <span class='ocrx_word' id='word_1_168' title='bbox 735 2805 812 2881; x_wconf 79' lang='grc' dir='ltr'><em>μετ’</em></span> <span class='ocrx_word' id='word_1_169' title='bbox 832 2804 1014 2879; x_wconf 73' lang='grc' dir='ltr'><em>αλλήλων·</em></span> <span class='ocrx_word' id='word_1_170' title='bbox 1037 2800 1103 2875; x_wconf 80' lang='grc' dir='ltr'>ἴσως</span> <span class='ocrx_word' id='word_1_171' title='bbox 1122 2803 1182 2885; x_wconf 72' lang='grc' dir='ltr'>γαρ</span> 
     </span>
     <span class='ocr_line' id='line_1_22' title="bbox 182 2912 1180 3002; baseline -0.001 -14"><span class='ocrx_word' id='word_1_172' title='bbox 182 2920 221 2988; x_wconf 71' lang='grc' dir='ltr'>ἂν</span> <span class='ocrx_word' id='word_1_173' title='bbox 242 2912 303 2986; x_wconf 69' lang='lat' dir='ltr'>odit</span> <span class='ocrx_word' id='word_1_174' title='bbox 324 2920 422 3001; x_wconf 75' lang='grc' dir='ltr'><em>ῥαδίως</em></span> <span class='ocrx_word' id='word_1_175' title='bbox 445 2917 549 3002; x_wconf 76' lang='grc' dir='ltr'><em>εὕροιτε</em></span> <span class='ocrx_word' id='word_1_176' title='bbox 570 2925 686 2999; x_wconf 75' lang='grc' dir='ltr'><em>μαλλον</em></span> <span class='ocrx_word' id='word_1_177' title='bbox 705 2921 782 3001; x_wconf 78' lang='grc' dir='ltr'><em>ὑμῶν</em></span> <span class='ocrx_word' id='word_1_178' title='bbox 800 2921 970 3002; x_wconf 68' lang='grc' dir='ltr'><em>δυναμένους</em></span> <span class='ocrx_word' id='word_1_179' title='bbox 988 2927 1071 2987; x_wconf 76' lang='grc' dir='ltr'><em>τοῦτο</em></span> <span class='ocrx_word' id='word_1_180' title='bbox 1083 2930 1180 2988; x_wconf 76' lang='grc' dir='ltr'><em>ποιεῖν.</em></span> 
     </span>
     <span class='ocr_line' id='line_1_23' title="bbox 182 3038 1179 3125; baseline 0.001 -23"><span class='ocrx_word' id='word_1_181' title='bbox 182 3038 338 3118; x_wconf 88' lang='lat' dir='ltr'>„Maxime</span> <span class='ocrx_word' id='word_1_182' title='bbox 368 3060 438 3102; x_wconf 88' lang='lat' dir='ltr'>vero</span> <span class='ocrx_word' id='word_1_183' title='bbox 467 3046 566 3103; x_wconf 87' lang='lat' dir='ltr'>vestro</span> <span class='ocrx_word' id='word_1_184' title='bbox 597 3040 630 3104; x_wconf 90' lang='lat' dir='ltr'>in</span> <span class='ocrx_word' id='word_1_185' title='bbox 657 3038 746 3105; x_wconf 90' lang='lat' dir='ltr'>coetu</span> <span class='ocrx_word' id='word_1_186' title='bbox 776 3041 910 3125; x_wconf 87' lang='lat' dir='ltr'>quaerite</span> <span class='ocrx_word' id='word_1_187' title='bbox 940 3041 1031 3105; x_wconf 91' lang='lat' dir='ltr'>talem</span> <span class='ocrx_word' id='word_1_188' title='bbox 1058 3040 1179 3121; x_wconf 76' lang='grc' dir='ltr'><em>ἕτῳδόνι</em></span> 
     </span>
     <span class='ocr_line' id='line_1_24' title="bbox 181 3157 1179 3243; baseline 0 -21"><span class='ocrx_word' id='word_1_189' title='bbox 181 3158 309 3222; x_wconf 88' lang='lat' dir='ltr'>fortasse</span> <span class='ocrx_word' id='word_1_190' title='bbox 333 3157 413 3221; x_wconf 91' lang='lat' dir='ltr'>enim</span> <span class='ocrx_word' id='word_1_191' title='bbox 435 3158 586 3222; x_wconf 90' lang='lat' dir='ltr'>neminem</span> <span class='ocrx_word' id='word_1_192' title='bbox 608 3159 695 3223; x_wconf 85' lang='lat' dir='ltr'>facilc</span> <span class='ocrx_word' id='word_1_193' title='bbox 718 3159 895 3238; x_wconf 87' lang='lat' dir='ltr'>inveniatis,</span> <span class='ocrx_word' id='word_1_194' title='bbox 916 3159 969 3243; x_wconf 91' lang='lat' dir='ltr'>qui</span> <span class='ocrx_word' id='word_1_195' title='bbox 986 3182 1020 3223; x_wconf 88' lang='lat' dir='ltr'>ea</span> <span class='ocrx_word' id='word_1_196' title='bbox 1035 3159 1179 3223; x_wconf 86' lang='lat' dir='ltr'>facultate</span> 
     </span>
     <span class='ocr_line' id='line_1_25' title="bbox 181 3275 631 3359; baseline 0.002 -19"><span class='ocrx_word' id='word_1_197' title='bbox 181 3275 279 3359; x_wconf 82' lang='lat' dir='ltr'>magis</span> <span class='ocrx_word' id='word_1_198' title='bbox 303 3296 394 3359; x_wconf 90' lang='lat' dir='ltr'>quam</span> <span class='ocrx_word' id='word_1_199' title='bbox 417 3297 469 3339; x_wconf 89' lang='lat' dir='ltr'>vos</span> <span class='ocrx_word' id='word_1_200' title='bbox 491 3276 631 3341; x_wconf 69' lang='lat' dir='ltr'>valeat.’&#39;⁴</span> 
     </span>
    </p>

    <p class='ocr_par' dir='ltr' id='par_1_5' title="bbox 180 3394 1182 3842">
     <span class='ocr_line' id='line_1_26' title="bbox 227 3394 1180 3483; baseline 0.001 -25"><span class='ocrx_word' id='word_1_201' title='bbox 227 3395 270 3458; x_wconf 88' lang='lat' dir='ltr'>At</span> <span class='ocrx_word' id='word_1_202' title='bbox 306 3400 460 3478; x_wconf 88' lang='lat' dir='ltr'>praeterea</span> <span class='ocrx_word' id='word_1_203' title='bbox 490 3417 552 3460; x_wconf 91' lang='lat' dir='ltr'>non</span> <span class='ocrx_word' id='word_1_204' title='bbox 578 3397 667 3481; x_wconf 89' lang='lat' dir='ltr'>pauci</span> <span class='ocrx_word' id='word_1_205' title='bbox 686 3404 770 3483; x_wconf 86' lang='lat' dir='ltr'>sunt</span> <span class='ocrx_word' id='word_1_206' title='bbox 800 3395 859 3460; x_wconf 90' lang='lat' dir='ltr'>loci</span> <span class='ocrx_word' id='word_1_207' title='bbox 888 3395 922 3460; x_wconf 93' lang='lat' dir='ltr'>in</span> <span class='ocrx_word' id='word_1_208' title='bbox 950 3394 1078 3460; x_wconf 87' lang='lat' dir='ltr'>Platone</span> <span class='ocrx_word' id='word_1_209' title='bbox 1085 3444 1095 3473; x_wconf 94' lang='lat'>,</span> <span class='ocrx_word' id='word_1_210' title='bbox 1126 3395 1180 3459; x_wconf 92' lang='lat' dir='ltr'>ubi</span> 
     </span>
     <span class='ocr_line' id='line_1_27' title="bbox 180 3500 1179 3600; baseline 0.002 -23"><span class='ocrx_word' id='word_1_211' title='bbox 180 3512 385 3592; x_wconf 91' lang='lat' dir='ltr'>Phoenicum,</span> <span class='ocrx_word' id='word_1_212' title='bbox 417 3500 594 3594; x_wconf 86' lang='lat' dir='ltr'>Persarum,</span> <span class='ocrx_word' id='word_1_213' title='bbox 624 3516 842 3600; x_wconf 83' lang='lat' dir='ltr'>Aegyptiorum</span> <span class='ocrx_word' id='word_1_214' title='bbox 865 3515 1052 3599; x_wconf 87' lang='lat' dir='ltr'>aliarumque</span> <span class='ocrx_word' id='word_1_215' title='bbox 1075 3514 1179 3580; x_wconf 90' lang='lat' dir='ltr'>barba·</span> 
     </span>
     <span class='ocr_line' id='line_1_28' title="bbox 181 3631 1181 3717; baseline 0.001 -23"><span class='ocrx_word' id='word_1_216' title='bbox 181 3653 284 3694; x_wconf 88' lang='lat' dir='ltr'>rarum</span> <span class='ocrx_word' id='word_1_217' title='bbox 307 3631 444 3716; x_wconf 84' lang='lat' dir='ltr'>gentium</span> <span class='ocrx_word' id='word_1_218' title='bbox 465 3632 580 3698; x_wconf 88' lang='lat' dir='ltr'>mentio</span> <span class='ocrx_word' id='word_1_219' title='bbox 602 3633 646 3698; x_wconf 89' lang='lat' dir='ltr'>fit.</span> <span class='ocrx_word' id='word_1_220' title='bbox 669 3633 857 3697; x_wconf 89' lang='lat' dir='ltr'>Phoenicum</span> <span class='ocrx_word' id='word_1_221' title='bbox 876 3633 1032 3717; x_wconf 86' lang='lat' dir='ltr'>ingenium</span> <span class='ocrx_word' id='word_1_222' title='bbox 1048 3631 1181 3696; x_wconf 87' lang='lat' dir='ltr'>declarat</span> 
     </span>
     <span class='ocr_line' id='line_1_29' title="bbox 181 3747 1182 3842; baseline 0.001 -31"><span class='ocrx_word' id='word_1_223' title='bbox 181 3748 221 3836; x_wconf 91' lang='lat' dir='ltr'>de</span> <span class='ocrx_word' id='word_1_224' title='bbox 244 3748 318 3833; x_wconf 85' lang='lat' dir='ltr'>Rep.</span> <span class='ocrx_word' id='word_1_225' title='bbox 339 3747 394 3827; x_wconf 77' lang='lat' dir='ltr'>IV,</span> <span class='ocrx_word' id='word_1_226' title='bbox 419 3772 449 3834; x_wconf 92' lang='lat' dir='ltr'>p.</span> <span class='ocrx_word' id='word_1_227' title='bbox 466 3752 530 3813; x_wconf 77' lang='lat'>436</span> <span class='ocrx_word' id='word_1_228' title='bbox 553 3751 592 3815; x_wconf 84' lang='lat' dir='ltr'>A.</span> <span class='ocrx_word' id='word_1_229' title='bbox 636 3750 683 3814; x_wconf 89' lang='lat' dir='ltr'>De</span> <span class='ocrx_word' id='word_1_230' title='bbox 706 3750 865 3815; x_wconf 86' lang='lat' dir='ltr'>Persarum</span> <span class='ocrx_word' id='word_1_231' title='bbox 880 3750 1029 3815; x_wconf 86' lang='lat' dir='ltr'>institutis</span> <span class='ocrx_word' id='word_1_232' title='bbox 1044 3748 1182 3842; x_wconf 80' lang='lat' dir='ltr'>loquitur</span> 
     </span>
    </p>
   </div>
   <div class='ocr_carea' id='block_1_5' title="bbox 183 3929 351 3941">
    <p class='ocr_par' dir='ltr' id='par_1_6' title="bbox 183 3929 351 3941">
     <span class='ocr_line' id='line_1_30' title="bbox 183 3929 351 3941; baseline 0 0"><span class='ocrx_word' id='word_1_233' title='bbox 183 3929 351 3941; x_wconf 43' lang='lat' dir='ltr'>m</span> 
     </span>
    </p>
   </div>
   <div class='ocr_carea' id='block_1_6' title="bbox 183 4035 1178 4182">
    <p class='ocr_par' dir='ltr' id='par_1_7' title="bbox 183 4035 1178 4182">
     <span class='ocr_line' id='line_1_31' title="bbox 217 4035 1178 4180; baseline 0 -95"><span class='ocrx_word' id='word_1_234' title='bbox 217 4036 240 4098; x_wconf 91' lang='grc'>1)</span> <span class='ocrx_word' id='word_1_235' title='bbox 258 4035 295 4180; x_wconf 50' lang='grc' dir='ltr'>ΟΞ.</span> <span class='ocrx_word' id='word_1_236' title='bbox 312 4036 439 4102; x_wconf 85' lang='lat' dir='ltr'>scriptores</span> <span class='ocrx_word' id='word_1_237' title='bbox 454 4036 522 4086; x_wconf 81' lang='lat' dir='ltr'>citati</span> <span class='ocrx_word' id='word_1_238' title='bbox 537 4037 567 4086; x_wconf 84' lang='lat' dir='ltr'>ab</span> <span class='ocrx_word' id='word_1_239' title='bbox 584 4037 720 4088; x_wconf 85' lang='lat' dir='ltr'>Hermanno</span> <span class='ocrx_word' id='word_1_240' title='bbox 737 4037 763 4088; x_wconf 91' lang='lat' dir='ltr'>ll.</span> <span class='ocrx_word' id='word_1_241' title='bbox 780 4054 803 4102; x_wconf 89' lang='lat' dir='ltr'>p.</span> <span class='ocrx_word' id='word_1_242' title='bbox 821 4037 883 4096; x_wconf 82' lang='lat'>112,</span> <span class='ocrx_word' id='word_1_243' title='bbox 902 4040 953 4109; x_wconf 84' lang='lat' dir='ltr'>not.</span> <span class='ocrx_word' id='word_1_244' title='bbox 971 4035 1026 4095; x_wconf 82' lang='lat'>112,</span> <span class='ocrx_word' id='word_1_245' title='bbox 1044 4039 1068 4085; x_wconf 88' lang='lat' dir='ltr'>et</span> <span class='ocrx_word' id='word_1_246' title='bbox 1084 4052 1108 4101; x_wconf 89' lang='lat' dir='ltr'>p.</span> <span class='ocrx_word' id='word_1_247' title='bbox 1119 4037 1178 4095; x_wconf 80' lang='lat'>114,</span> 
     </span>
     <span class='ocr_line' id='line_1_32' title="bbox 183 4131 309 4182; baseline 0.016 -4"><span class='ocrx_word' id='word_1_248' title='bbox 183 4134 235 4182; x_wconf 89' lang='lat' dir='ltr'>not.</span> <span class='ocrx_word' id='word_1_249' title='bbox 253 4131 266 4180; x_wconf 91' lang='lat'>1</span> <span class='ocrx_word' id='word_1_250' title='bbox 286 4132 309 4181; x_wconf 85' lang='lat'>5.</span> 
     </span>
    </p>
   </div>
   <div class='ocr_carea' id='block_1_7' title="bbox 0 0 1378 4950">
    <p class='ocr_par' dir='ltr' id='par_1_8' title="bbox 0 0 1378 4950">
     <span class='ocr_line' id='line_1_33' title="bbox 0 0 1378 4950; baseline 0 0"><span class='ocrx_word' id='word_1_251' title='bbox 0 0 1378 4950; x_wconf 95' lang='lat' dir='ltr'> </span> 
     </span>
    </p>
   </div>
  </div>
 </body>
</html>
