2746 4950
674 301 716 363 46

190 506 324 590 γέγονεν,
348 504 427 583 ἄξιον
450 507 581 571 οἰκοῦσαν.
616 505 746 569 Perinde
769 512 815 569 est
838 527 872 569 ac
895 505 922 568 si
936 504 1048 570 Latine
1064 506 1202 571 diceres:

189 626 255 711 qais
267 626 371 712 faerit
392 626 493 688 amdaa
514 623 634 705 οοίρὶανα
655 624 742 687 huius
758 623 931 702 retectae,
948 624 1068 706 dipsium
1083 624 1201 690 auara.

190 743 303 807 Similis
326 742 493 807 cumulatio
515 742 721 826 genitivorum
746 749 791 805 est
805 765 836 827 p.
861 744 924 805 331
942 741 989 817 D‚:
1009 741 1084 820 βίαν
1098 742 1131 807 δὲ
1147 767 1203 807 πα

188 863 260 944 πρίδο
283 862 430 933 πολιτείας
462 860 633 939 μεταβολῆς
665 862 707 938 μὴ
736 861 919 943 προσφέρειν,
944 882 998 945 pro
1021 861 1129 938 βιαίαν
1153 885 1202 926 πο

189 981 301 1054 λοπεοάς
328 981 513 1058 μεταβολήν.
550 979 616 1060 Nic
638 979 687 1044 καὶ
711 981 752 1058 μὴ
776 980 825 1059 νέῳ
849 986 894 1044 est
916 979 1025 1064 putida
1048 980 1203 1066 elegantia

187 1123 242 1187 pro
265 1101 315 1180 νέῳ
340 1099 389 1164 καὶ
416 1097 581 1180 πρεσβύτῃ,
606 1098 683 1176 sive,
708 1104 744 1162 ut
765 1098 858 1162 estin
873 1097 1026 1183 Apologia
1045 1121 1077 1183 p.
1095 1100 1138 1164 30
1156 1100 1200 1163 A:

188 1217 237 1283 καὶ
261 1219 383 1298 νεωτέρῳ
405 1217 454 1282 καὶ
471 1217 661 1298 πρεσβυτέρῳ.
686 1215 917 1281 Eiusdemmodi
933 1223 979 1280 est
993 1216 1074 1281 illud
1090 1240 1111 1303 p
1136 1220 1201 1282 333

189 1334 232 1399 B:
265 1333 310 1400 tta
341 1338 364 1401 δ’
376 1336 579 1416 ἐκπεράνωμεν
608 1339 668 1400 οὐκ
698 1334 804 1414 ὄλοχα
834 1337 1005 1416 πράγματα
1035 1339 1065 1401 ἕν
1093 1338 1204 1418 ὀλίγῳ

192 1454 302 1535 χρόνῳ,
317 1443 380 1538 ¹pro
405 1455 505 1518 πολλοὶ
528 1454 575 1518 δια
597 1451 744 1533 βραχεοον.

235 1546 392 1636 Postremo
410 1572 515 1636 addit:
532 1573 595 1652 ἔχεο
611 1572 670 1651 χοὶρ
686 1571 779 1651 καιρὸν
799 1571 840 1636 τοὶ
856 1578 912 1637 νῦν.
937 1571 1089 1636 Scribenti
1105 1575 1204 1638 otium

190 1685 283 1755 fuisse
317 1691 357 1755 ad
390 1692 513 1775 longam
552 1689 711 1775 epistolam
746 1689 1004 1768 concinnandam,
1037 1691 1204 1770 credibile3

189 1832 279 1901 num,
294 1831 365 1873 vero
397 1809 506 1873 Dionis
538 1808 628 1873 sociis
656 1808 742 1872 avide
769 1808 930 1872 consilinm
954 1811 1205 1893 exspectantibus

192 1929 273 1992 idem
296 1928 399 2007 καίριον
423 1929 522 1992 visum
544 1927 655 2003 fuerit,
679 1949 861 2012 magnopere
885 1927 1016 1991 dubites.

236 2163 320 2228 Haec
355 2163 507 2248 praefatus
543 2187 560 2227 a
595 2186 627 2227 se
667 2164 734 2248 ipso
772 2161 917 2226 narrandi
949 2163 1073 2227 initium
1108 2165 1205 2229 facit:

192 2283 265 2355 Νέας
296 2283 353 2360 ἐγώ
384 2286 448 2347 ποτ’
472 2282 507 2346 ὢν
538 2291 659 2354 πολλοῖς
690 2283 722 2355 δὴ
755 2281 862 2347 ταύτὸν
891 2283 1010 2348 ἔπαθον·
1042 2283 1153 2364 ᾠήθην,
1182 2286 1206 2349 εἷ

194 2402 297 2466 θαππον
319 2403 447 2478 ἐμαυτοῦ
470 2401 604 2480 γενοίμαν
635 2399 742 2480 κύριος,
774 2402 822 2465 ἐπὶ
849 2402 890 2466 πα
912 2402 990 2466 κοινοὶ
1013 2409 1066 2475 τῆς
1089 2403 1205 2476 πόλεως

193 2520 273 2591 εὐθὺς
296 2520 375 2584 ἰέναι.
421 2520 480 2584 Καί
500 2543 548 2598 μοι
570 2520 664 2599 τύχαν
687 2520 759 2591 τινὲς
783 2525 839 2582 πῶν
857 2528 909 2594 πῆς
928 2519 1037 2591 πόλεως
1057 2521 1203 2601 πραγμά·

194 2662 250 2703 παν
272 2637 377 2701 coraule
402 2637 573 2717 παρέπεσον.

239 2754 278 2818 In
301 2755 348 2819 his
372 2755 440 2838 quis
464 2778 526 2818 non
550 2755 652 2818 statim
676 2753 889 2818 animadvertit
911 2755 1015 2819 inanes
1039 2755 1205 2831 verborum

196 2873 358 2957 ambages?
392 2873 530 2937 Primum
563 2879 632 2958 post
661 2874 702 2938 rol
732 2873 811 2937 κοονοο
834 2874 965 2936 otiosum
989 2879 1035 2936 est
1064 2882 1117 2948 τῆς
1155 2873 1206 2940 πο’-

194 3005 283 3063 λεωςε
322 2992 434 3056 usitate
474 2993 553 3057 enim
592 2991 715 3055 Graecis
747 2992 860 3056 dicitur
889 2992 1030 3072 apscedam
1061 2991 1129 3072 πρὸς
1163 2996 1204 3059 πα

195 3110 291 3186 κοινοὶ,
323 3112 474 3191 παρελθεῖν
506 3110 552 3174 ἐπὶ
583 3111 623 3175 πα
654 3110 747 3193 κοινοὶ,
779 3111 820 3176 πα
850 3111 928 3175 κοινοὶ
960 3111 1113 3193 προέπτεον,
1146 3119 1204 3177 τῶν

194 3235 287 3293 κοινῶν
309 3229 493 3309 οέπέχεοθαο,
518 3229 577 3292 alia
592 3229 786 3307 huiusmodi,
803 3252 865 3293 non
882 3229 985 3293 addito
1000 3239 1053 3304 τῆς
1069 3232 1202 3304 πόλεως,

195 3347 292 3437 (111οείΙἾ
301 3347 351 3410 hic
375 3369 409 3410 eo
433 3349 528 3432 magis
552 3348 694 3426 offendit,
727 3348 800 3432 quia
826 3349 907 3412 idem
936 3347 1119 3412 vocabulum
1142 3355 1205 3413 sta·

195 3467 250 3529 tim
280 3467 416 3530 iteratur.
463 3465 563 3531 Simili
593 3467 767 3551 pleonasmo
794 3469 898 3553 jungit
925 3475 1027 3531 noster
1057 3466 1098 3531 πα
1121 3470 1205 3532 κοινοὶ

197 3585 245 3649 καὶ
270 3585 421 3661 πολοποαοὶ,
445 3608 475 3669 p.
501 3587 563 3648 325
589 3587 634 3662 A,
659 3585 741 3669 quod
764 3587 795 3648 in
821 3586 880 3649 alio
896 3586 1042 3671 scriptore
1058 3585 1146 3650 facile
1167 3579 1205 3649 li·

195 3703 295 3768 brerio
318 3704 483 3782 tribueres,
508 3705 539 3767 in
562 3711 667 3768 nostro
691 3704 723 3767 id
746 3727 808 3768 non
831 3727 1017 3768 concessum.
1052 3704 1133 3768 Dein
1148 3727 1205 3768 no

194 3829 277 3886 tetur
300 3823 529 3913 circumlocutio
552 3823 647 3904 τύχαν
664 3831 735 3894 river
751 3829 806 3888 πῶν
820 3832 872 3897 τῆς
889 3824 999 3896 πόλεως
1016 3822 1205 3905 πραγμάτων

193 3962 248 4024 pro
279 3917 374 4020 raigeri
403 3940 475 4012 πονὲς
507 3949 557 4014 τῆς
587 3940 696 4010 πόλεως
722 3955 744 4002 e.
767 3941 828 4018 περὶ
852 3941 903 4015 τὴν
926 3941 1083 4006 πολιτείαν.
1119 3940 1204 4004 Talis

194 4057 377 4142 periphrasis
401 4059 542 4141 frequens
567 4065 611 4121 est
635 4058 666 4121 in
690 4057 845 4142 Epistola,
871 4066 905 4122 ut
927 4083 958 4144 p.
983 4062 1047 4122 326
1076 4058 1119 4122 E:
1144 4066 1206 4132 τῶν,
