<?xml version="1.0" encoding="UTF-8"?>
<!DOCTYPE html PUBLIC "-//W3C//DTD XHTML 1.0 Transitional//EN"
    "http://www.w3.org/TR/xhtml1/DTD/xhtml1-transitional.dtd">
<html xmlns="http://www.w3.org/1999/xhtml" xml:lang="en" lang="en">
 <head>
  <title>
</title>
<meta http-equiv="Content-Type" content="text/html;charset=utf-8" />
  <meta name='ocr-system' content='tesseract 3.04.00' />
  <meta name='ocr-capabilities' content='ocr_page ocr_carea ocr_par ocr_line ocrx_word'/>
</head>
<body>
  <div class='ocr_page' id='page_1' title='image "./commentatiocrit00karsgoog_0122.png"; bbox 0 0 2746 4950; ppageno 0'>
   <div class='ocr_carea' id='block_1_1' title="bbox 670 342 711 404">
    <p class='ocr_par' dir='ltr' id='par_1_1' title="bbox 670 342 711 404">
     <span class='ocr_line' id='line_1_1' title="bbox 670 342 711 404; baseline 0.049 -2"><span class='ocrx_word' id='word_1_1' title='bbox 670 342 711 404; x_wconf 86' lang='grc'><strong>93</strong></span> 
     </span>
    </p>
   </div>
   <div class='ocr_carea' id='block_1_2' title="bbox 171 534 1208 2889">
    <p class='ocr_par' dir='ltr' id='par_1_2' title="bbox 171 534 1191 1583">
     <span class='ocr_line' id='line_1_2' title="bbox 183 534 1191 634; baseline 0.008 -23"><span class='ocrx_word' id='word_1_2' title='bbox 183 552 230 612; x_wconf 81' lang='grc' dir='ltr'><strong>νῦν</strong></span> <span class='ocrx_word' id='word_1_3' title='bbox 253 546 286 622; x_wconf 77' lang='grc' dir='ltr'><strong>δη</strong></span> <span class='ocrx_word' id='word_1_4' title='bbox 308 548 466 628; x_wconf 72' lang='grc' dir='ltr'><em>γενομένῳ,</em></span> <span class='ocrx_word' id='word_1_5' title='bbox 491 546 555 628; x_wconf 79' lang='grc' dir='ltr'><em>περὶ</em></span> <span class='ocrx_word' id='word_1_6' title='bbox 579 545 612 614; x_wconf 88' lang='grc' dir='ltr'><strong>ού</strong></span> <span class='ocrx_word' id='word_1_7' title='bbox 634 573 682 627; x_wconf 93' lang='grc' dir='ltr'><strong>μοι</strong></span> <span class='ocrx_word' id='word_1_8' title='bbox 704 550 738 615; x_wconf 83' lang='grc' dir='ltr'><strong>τό</strong></span> <span class='ocrx_word' id='word_1_9' title='bbox 761 534 886 632; x_wconf 84' lang='grc' dir='ltr'><em>δεύτερον</em></span> <span class='ocrx_word' id='word_1_10' title='bbox 905 553 1102 632; x_wconf 71' lang='grc' dir='ltr'><strong>ἀπολογητέον</strong></span> <span class='ocrx_word' id='word_1_11' title='bbox 1117 553 1191 634; x_wconf 79' lang='grc' dir='ltr'><em>ἔφην</em></span> 
     </span>
     <span class='ocr_line' id='line_1_3' title="bbox 183 663 1189 754; baseline 0.007 -24"><span class='ocrx_word' id='word_1_12' title='bbox 183 663 263 732; x_wconf 81' lang='grc' dir='ltr'><em>εἶναι.</em></span> <span class='ocrx_word' id='word_1_13' title='bbox 307 665 394 747; x_wconf 82' lang='lat' dir='ltr'><strong>Quae</strong></span> <span class='ocrx_word' id='word_1_14' title='bbox 428 666 520 732; x_wconf 86' lang='lat' dir='ltr'><strong>verba</strong></span> <span class='ocrx_word' id='word_1_15' title='bbox 543 668 601 732; x_wconf 88' lang='lat' dir='ltr'><strong>hoo</strong></span> <span class='ocrx_word' id='word_1_16' title='bbox 624 669 817 754; x_wconf 86' lang='lat' dir='ltr'><strong>significant:</strong></span> <span class='ocrx_word' id='word_1_17' title='bbox 849 671 959 749; x_wconf 89' lang='lat' dir='ltr'><strong>„venio</strong></span> <span class='ocrx_word' id='word_1_18' title='bbox 991 671 1029 736; x_wconf 91' lang='lat' dir='ltr'><strong>ad</strong></span> <span class='ocrx_word' id='word_1_19' title='bbox 1060 672 1189 736; x_wconf 88' lang='lat' dir='ltr'><strong>alterum</strong></span> 
     </span>
     <span class='ocr_line' id='line_1_4' title="bbox 184 786 1190 876; baseline 0.007 -28"><span class='ocrx_word' id='word_1_20' title='bbox 184 793 396 869; x_wconf 84' lang='lat' dir='ltr'><strong>argumentum</strong></span> <span class='ocrx_word' id='word_1_21' title='bbox 427 786 520 871; x_wconf 92' lang='lat' dir='ltr'><strong>priori</strong></span> <span class='ocrx_word' id='word_1_22' title='bbox 552 786 670 852; x_wconf 86' lang='lat' dir='ltr'><strong>affine.’&#39;</strong></span> <span class='ocrx_word' id='word_1_23' title='bbox 716 788 851 874; x_wconf 76' lang='lat' dir='ltr'>scriptor</span> <span class='ocrx_word' id='word_1_24' title='bbox 877 789 951 854; x_wconf 90' lang='lat' dir='ltr'><strong>dum</strong></span> <span class='ocrx_word' id='word_1_25' title='bbox 975 798 1102 876; x_wconf 83' lang='lat' dir='ltr'><strong>argutus</strong></span> <span class='ocrx_word' id='word_1_26' title='bbox 1125 814 1190 856; x_wconf 88' lang='lat' dir='ltr'><strong>esse</strong></span> 
     </span>
     <span class='ocr_line' id='line_1_5' title="bbox 183 904 1189 991; baseline 0.007 -24"><span class='ocrx_word' id='word_1_27' title='bbox 183 904 301 982; x_wconf 79' lang='lat' dir='ltr'><strong>studet,</strong></span> <span class='ocrx_word' id='word_1_28' title='bbox 333 905 368 968; x_wconf 90' lang='lat' dir='ltr'><strong>fit</strong></span> <span class='ocrx_word' id='word_1_29' title='bbox 397 905 561 984; x_wconf 88' lang='lat' dir='ltr'><strong>obscurus,</strong></span> <span class='ocrx_word' id='word_1_30' title='bbox 594 928 673 991; x_wconf 89' lang='lat' dir='ltr'><strong>quae</strong></span> <span class='ocrx_word' id='word_1_31' title='bbox 703 915 807 972; x_wconf 86' lang='lat' dir='ltr'><strong>tamen</strong></span> <span class='ocrx_word' id='word_1_32' title='bbox 833 908 1002 973; x_wconf 80' lang='lat' dir='ltr'><strong>obscuritas</strong></span> <span class='ocrx_word' id='word_1_33' title='bbox 1026 911 1127 974; x_wconf 86' lang='lat' dir='ltr'><strong>nescio</strong></span> <span class='ocrx_word' id='word_1_34' title='bbox 1150 933 1189 974; x_wconf 88' lang='lat' dir='ltr'><strong>au</strong></span> 
     </span>
     <span class='ocr_line' id='line_1_6' title="bbox 171 1024 1189 1115; baseline 0.007 -28"><span class='ocrx_word' id='word_1_35' title='bbox 171 1031 272 1088; x_wconf 71' lang='lat' dir='ltr'><strong>aucta</strong></span> <span class='ocrx_word' id='word_1_36' title='bbox 303 1025 344 1089; x_wconf 90' lang='lat' dir='ltr'><strong>sit</strong></span> <span class='ocrx_word' id='word_1_37' title='bbox 373 1024 464 1110; x_wconf 86' lang='lat' dir='ltr'><strong>culpa</strong></span> <span class='ocrx_word' id='word_1_38' title='bbox 494 1024 626 1104; x_wconf 88' lang='lat' dir='ltr'><strong>librarii,</strong></span> <span class='ocrx_word' id='word_1_39' title='bbox 659 1048 754 1111; x_wconf 88' lang='lat' dir='ltr'><strong>quum</strong></span> <span class='ocrx_word' id='word_1_40' title='bbox 784 1035 938 1092; x_wconf 83' lang='lat' dir='ltr'><strong>auctorem</strong></span> <span class='ocrx_word' id='word_1_41' title='bbox 968 1029 1011 1093; x_wconf 90' lang='lat' dir='ltr'><strong>ita</strong></span> <span class='ocrx_word' id='word_1_42' title='bbox 1034 1029 1189 1115; x_wconf 83' lang='lat' dir='ltr'><strong>scripsisse</strong></span> 
     </span>
     <span class='ocr_line' id='line_1_7' title="bbox 183 1143 1189 1230; baseline 0.009 -25"><span class='ocrx_word' id='word_1_43' title='bbox 183 1143 332 1227; x_wconf 89' lang='lat' dir='ltr'><strong>suspicer:</strong></span> <span class='ocrx_word' id='word_1_44' title='bbox 356 1144 461 1224; x_wconf 81' lang='grc' dir='ltr'><em>σχεδὸν</em></span> <span class='ocrx_word' id='word_1_45' title='bbox 484 1143 508 1208; x_wconf 85' lang='grc' dir='ltr'><strong>δ’</strong></span> <span class='ocrx_word' id='word_1_46' title='bbox 531 1145 571 1216; x_wconf 88' lang='grc' dir='ltr'><strong>είς</strong></span> <span class='ocrx_word' id='word_1_47' title='bbox 597 1144 716 1222; x_wconf 91' lang='grc' dir='ltr'><em>λόγονό</em></span> <span class='ocrx_word' id='word_1_48' title='bbox 739 1147 826 1223; x_wconf 90' lang='grc' dir='ltr'><em>λόγος</em></span> <span class='ocrx_word' id='word_1_49' title='bbox 849 1146 908 1223; x_wconf 80' lang='grc' dir='ltr'><em>ηἰιει</em></span> <span class='ocrx_word' id='word_1_50' title='bbox 931 1171 979 1225; x_wconf 93' lang='grc' dir='ltr'><strong>μοι</strong></span> <span class='ocrx_word' id='word_1_51' title='bbox 1001 1147 1134 1229; x_wconf 74' lang='grc' dir='ltr'><em>ξυνεχῆ</em></span> <span class='ocrx_word' id='word_1_52' title='bbox 1148 1151 1189 1230; x_wconf 77' lang='grc' dir='ltr'><strong>τῷ</strong></span> 
     </span>
     <span class='ocr_line' id='line_1_8' title="bbox 181 1259 1190 1352; baseline 0.006 -27"><span class='ocrx_word' id='word_1_53' title='bbox 181 1266 229 1326; x_wconf 81' lang='grc' dir='ltr'><strong>νύν</strong></span> <span class='ocrx_word' id='word_1_54' title='bbox 258 1261 292 1336; x_wconf 75' lang='grc' dir='ltr'><strong>δη</strong></span> <span class='ocrx_word' id='word_1_55' title='bbox 321 1260 484 1347; x_wconf 75' lang='grc' dir='ltr'><em>λεγομένῳ,</em></span> <span class='ocrx_word' id='word_1_56' title='bbox 516 1261 578 1343; x_wconf 81' lang='grc' dir='ltr'><em>περί</em></span> <span class='ocrx_word' id='word_1_57' title='bbox 609 1259 641 1327; x_wconf 86' lang='grc' dir='ltr'><strong>ού</strong></span> <span class='ocrx_word' id='word_1_58' title='bbox 673 1263 733 1330; x_wconf 84' lang='grc' dir='ltr'><strong>κτέ.</strong></span> <span class='ocrx_word' id='word_1_59' title='bbox 763 1266 799 1330; x_wconf 82' lang='lat' dir='ltr'><strong>‘O</strong></span> <span class='ocrx_word' id='word_1_60' title='bbox 824 1270 871 1329; x_wconf 80' lang='grc' dir='ltr'><strong>νῦν</strong></span> <span class='ocrx_word' id='word_1_61' title='bbox 893 1266 1050 1344; x_wconf 85' lang='grc' dir='ltr'><em>λεγόμενος</em></span> <span class='ocrx_word' id='word_1_62' title='bbox 1073 1274 1190 1352; x_wconf 87' lang='lat' dir='ltr'><strong>spectat</strong></span> 
     </span>
     <span class='ocr_line' id='line_1_9' title="bbox 182 1380 1189 1466; baseline 0.007 -22"><span class='ocrx_word' id='word_1_63' title='bbox 182 1380 220 1444; x_wconf 90' lang='lat' dir='ltr'><strong>ad</strong></span> <span class='ocrx_word' id='word_1_64' title='bbox 251 1402 287 1444; x_wconf 90' lang='lat' dir='ltr'><strong>ea</strong></span> <span class='ocrx_word' id='word_1_65' title='bbox 309 1402 387 1464; x_wconf 90' lang='lat' dir='ltr'><strong>quae</strong></span> <span class='ocrx_word' id='word_1_66' title='bbox 409 1381 500 1445; x_wconf 93' lang='lat' dir='ltr'><strong>modo</strong></span> <span class='ocrx_word' id='word_1_67' title='bbox 524 1381 606 1445; x_wconf 88' lang='lat' dir='ltr'><strong>dieta</strong></span> <span class='ocrx_word' id='word_1_68' title='bbox 629 1389 718 1460; x_wconf 88' lang='lat' dir='ltr'><strong>suut,</strong></span> <span class='ocrx_word' id='word_1_69' title='bbox 743 1383 808 1464; x_wconf 80' lang='grc' dir='ltr'><em>τερί</em></span> <span class='ocrx_word' id='word_1_70' title='bbox 832 1380 865 1448; x_wconf 82' lang='grc' dir='ltr'><strong>οὗ</strong></span> <span class='ocrx_word' id='word_1_71' title='bbox 886 1389 919 1449; x_wconf 86' lang='grc' dir='ltr'><strong>τό</strong></span> <span class='ocrx_word' id='word_1_72' title='bbox 942 1385 1068 1466; x_wconf 86' lang='grc' dir='ltr'><em>δεύτερον</em></span> <span class='ocrx_word' id='word_1_73' title='bbox 1091 1385 1129 1450; x_wconf 88' lang='lat' dir='ltr'><strong>ad</strong></span> <span class='ocrx_word' id='word_1_74' title='bbox 1153 1408 1189 1450; x_wconf 91' lang='lat' dir='ltr'><strong>ea</strong></span> 
     </span>
     <span class='ocr_line' id='line_1_10' title="bbox 183 1498 503 1583; baseline 0.003 -21"><span class='ocrx_word' id='word_1_75' title='bbox 183 1498 343 1583; x_wconf 87' lang='lat' dir='ltr'><strong>quaejam</strong></span> <span class='ocrx_word' id='word_1_76' title='bbox 367 1498 503 1563; x_wconf 87' lang='lat' dir='ltr'><strong>dicenda.</strong></span> 
     </span>
    </p>

    <p class='ocr_par' dir='ltr' id='par_1_3' title="bbox 180 1601 1208 2889">
     <span class='ocr_line' id='line_1_11' title="bbox 225 1601 1187 1703; baseline 0.006 -23"><span class='ocrx_word' id='word_1_77' title='bbox 225 1615 367 1682; x_wconf 84' lang='lat' dir='ltr'><strong>Ceterum</strong></span> <span class='ocrx_word' id='word_1_78' title='bbox 400 1624 517 1681; x_wconf 88' lang='lat' dir='ltr'><strong>tantam</strong></span> <span class='ocrx_word' id='word_1_79' title='bbox 551 1617 728 1682; x_wconf 88' lang='lat' dir='ltr'><strong>huiusmodi</strong></span> <span class='ocrx_word' id='word_1_80' title='bbox 762 1601 949 1703; x_wconf 83' lang='lat' dir='ltr'><strong>argutiarum</strong></span> <span class='ocrx_word' id='word_1_81' title='bbox 985 1620 1092 1686; x_wconf 90' lang='lat' dir='ltr'><strong>silvam</strong></span> <span class='ocrx_word' id='word_1_82' title='bbox 1116 1644 1187 1686; x_wconf 89' lang='lat' dir='ltr'><strong>oon-</strong></span> 
     </span>
     <span class='ocr_line' id='line_1_12' title="bbox 181 1736 1188 1824; baseline 0.006 -25"><span class='ocrx_word' id='word_1_83' title='bbox 181 1736 260 1799; x_wconf 85' lang='lat' dir='ltr'><strong>tinet</strong></span> <span class='ocrx_word' id='word_1_84' title='bbox 293 1736 367 1800; x_wconf 88' lang='lat' dir='ltr'><strong>haec</strong></span> <span class='ocrx_word' id='word_1_85' title='bbox 398 1736 542 1821; x_wconf 88' lang='lat' dir='ltr'><strong>epistola,</strong></span> <span class='ocrx_word' id='word_1_86' title='bbox 567 1744 603 1800; x_wconf 91' lang='lat' dir='ltr'><strong>ut</strong></span> <span class='ocrx_word' id='word_1_87' title='bbox 630 1736 767 1822; x_wconf 83' lang='lat' dir='ltr'><strong>exemplo</strong></span> <span class='ocrx_word' id='word_1_88' title='bbox 795 1761 859 1802; x_wconf 89' lang='lat' dir='ltr'><strong>esse</strong></span> <span class='ocrx_word' id='word_1_89' title='bbox 885 1740 998 1824; x_wconf 88' lang='lat' dir='ltr'><strong>possit,</strong></span> <span class='ocrx_word' id='word_1_90' title='bbox 1026 1741 1101 1824; x_wconf 88' lang='lat' dir='ltr'><strong>quid</strong></span> <span class='ocrx_word' id='word_1_91' title='bbox 1131 1741 1188 1805; x_wconf 88' lang='lat' dir='ltr'><strong>hae</strong></span> 
     </span>
     <span class='ocr_line' id='line_1_13' title="bbox 181 1853 1208 1942; baseline 0.008 -25"><span class='ocrx_word' id='word_1_92' title='bbox 181 1854 213 1917; x_wconf 91' lang='lat' dir='ltr'><strong>in</strong></span> <span class='ocrx_word' id='word_1_93' title='bbox 247 1876 279 1917; x_wconf 91' lang='lat' dir='ltr'><strong>re</strong></span> <span class='ocrx_word' id='word_1_94' title='bbox 313 1853 471 1919; x_wconf 87' lang='lat' dir='ltr'><strong>vitandum</strong></span> <span class='ocrx_word' id='word_1_95' title='bbox 505 1854 555 1918; x_wconf 88' lang='lat' dir='ltr'><strong>sit.</strong></span> <span class='ocrx_word' id='word_1_96' title='bbox 605 1853 709 1919; x_wconf 89' lang='lat' dir='ltr'><strong>Pauca</strong></span> <span class='ocrx_word' id='word_1_97' title='bbox 743 1855 874 1921; x_wconf 87' lang='lat' dir='ltr'><strong>afferam.</strong></span> <span class='ocrx_word' id='word_1_98' title='bbox 910 1881 940 1942; x_wconf 91' lang='lat' dir='ltr'><strong>p.</strong></span> <span class='ocrx_word' id='word_1_99' title='bbox 976 1860 1039 1921; x_wconf 92' lang='grc'><strong>316</strong></span> <span class='ocrx_word' id='word_1_100' title='bbox 1064 1859 1110 1922; x_wconf 89' lang='lat' dir='ltr'><strong>D:</strong></span> <span class='ocrx_word' id='word_1_101' title='bbox 1138 1861 1208 1925; x_wconf 82' lang='grc' dir='ltr'><strong>οὐκ</strong></span> 
     </span>
     <span class='ocr_line' id='line_1_14' title="bbox 181 1970 1186 2060; baseline 0.007 -24"><span class='ocrx_word' id='word_1_102' title='bbox 181 1970 328 2056; x_wconf 73' lang='grc' dir='ltr'><em>ἄρχοντα,</em></span> <span class='ocrx_word' id='word_1_103' title='bbox 359 1973 481 2051; x_wconf 79' lang='grc' dir='ltr'><em>οἰόμενον</em></span> <span class='ocrx_word' id='word_1_104' title='bbox 503 1975 526 2038; x_wconf 89' lang='grc' dir='ltr'><strong>δ’</strong></span> <span class='ocrx_word' id='word_1_105' title='bbox 538 1971 656 2058; x_wconf 80' lang='grc' dir='ltr'><em>σ’ίρχειν,</em></span> <span class='ocrx_word' id='word_1_106' title='bbox 682 1975 736 2039; x_wconf 78' lang='grc' dir='ltr'><strong>ὑπὸ</strong></span> <span class='ocrx_word' id='word_1_107' title='bbox 760 1975 789 2040; x_wconf 79' lang='grc' dir='ltr'><strong>δὲ</strong></span> <span class='ocrx_word' id='word_1_108' title='bbox 810 1975 941 2041; x_wconf 88' lang='grc' dir='ltr'><em>τοιούτων</em></span> <span class='ocrx_word' id='word_1_109' title='bbox 964 1979 1113 2059; x_wconf 82' lang='grc' dir='ltr'><em>οίνόρότων</em></span> <span class='ocrx_word' id='word_1_110' title='bbox 1136 1980 1186 2060; x_wconf 83' lang='grc' dir='ltr'><em>σίρ-</em></span> 
     </span>
     <span class='ocr_line' id='line_1_15' title="bbox 181 2090 1185 2177; baseline 0.005 -21"><span class='ocrx_word' id='word_1_111' title='bbox 181 2090 314 2172; x_wconf 78' lang='grc' dir='ltr'><em>χόμενον.</em></span> <span class='ocrx_word' id='word_1_112' title='bbox 334 2115 364 2177; x_wconf 87' lang='lat' dir='ltr'><strong>p.</strong></span> <span class='ocrx_word' id='word_1_113' title='bbox 383 2094 446 2157; x_wconf 86' lang='grc'><strong>317</strong></span> <span class='ocrx_word' id='word_1_114' title='bbox 468 2091 509 2156; x_wconf 79' lang='lat'><strong>0:</strong></span> <span class='ocrx_word' id='word_1_115' title='bbox 533 2093 619 2174; x_wconf 81' lang='grc' dir='ltr'><em>έόρων</em></span> <span class='ocrx_word' id='word_1_116' title='bbox 641 2095 701 2173; x_wconf 86' lang='grc' dir='ltr'><em>γόιρ</em></span> <span class='ocrx_word' id='word_1_117' title='bbox 724 2093 860 2166; x_wconf 75' lang='grc' dir='ltr'><em>καίτότε</em></span> <span class='ocrx_word' id='word_1_118' title='bbox 890 2093 939 2159; x_wconf 83' lang='grc' dir='ltr'><strong>καί</strong></span> <span class='ocrx_word' id='word_1_119' title='bbox 970 2101 1017 2161; x_wconf 83' lang='grc' dir='ltr'><strong>νύν</strong></span> <span class='ocrx_word' id='word_1_120' title='bbox 1033 2096 1092 2175; x_wconf 81' lang='grc' dir='ltr'><em>ὁρῶ.</em></span> <span class='ocrx_word' id='word_1_121' title='bbox 1111 2097 1185 2161; x_wconf 88' lang='lat' dir='ltr'><strong>ibid.</strong></span> 
     </span>
     <span class='ocr_line' id='line_1_16' title="bbox 181 2209 1185 2294; baseline 0.006 -22"><span class='ocrx_word' id='word_1_122' title='bbox 181 2209 225 2272; x_wconf 88' lang='lat' dir='ltr'><strong>D:</strong></span> <span class='ocrx_word' id='word_1_123' title='bbox 249 2211 290 2275; x_wconf 79' lang='grc' dir='ltr'><strong>τα</strong></span> <span class='ocrx_word' id='word_1_124' title='bbox 311 2211 443 2294; x_wconf 76' lang='grc' dir='ltr'><em>σφέτερον</em></span> <span class='ocrx_word' id='word_1_125' title='bbox 465 2211 583 2288; x_wconf 76' lang='grc' dir='ltr'><em>κιόντα,</em></span> <span class='ocrx_word' id='word_1_126' title='bbox 608 2211 669 2288; x_wconf 80' lang='grc' dir='ltr'><em>ἐξόν</em></span> <span class='ocrx_word' id='word_1_127' title='bbox 691 2215 734 2289; x_wconf 77' lang='grc' dir='ltr'><strong>μη</strong></span> <span class='ocrx_word' id='word_1_128' title='bbox 756 2213 940 2288; x_wconf 79' lang='grc' dir='ltr'><em>οὶκωλέσόαι,</em></span> <span class='ocrx_word' id='word_1_129' title='bbox 962 2213 1093 2278; x_wconf 79' lang='grc' dir='ltr'><em>διείλετο.</em></span> <span class='ocrx_word' id='word_1_130' title='bbox 1111 2213 1185 2278; x_wconf 89' lang='lat' dir='ltr'><strong>ibid.</strong></span> 
     </span>
     <span class='ocr_line' id='line_1_17' title="bbox 180 2327 1186 2416; baseline 0.006 -25"><span class='ocrx_word' id='word_1_131' title='bbox 180 2327 221 2392; x_wconf 77' lang='lat' dir='ltr'><strong>E:</strong></span> <span class='ocrx_word' id='word_1_132' title='bbox 253 2333 295 2406; x_wconf 72' lang='grc' dir='ltr'><strong>μὴ</strong></span> <span class='ocrx_word' id='word_1_133' title='bbox 322 2329 520 2408; x_wconf 69' lang='grc' dir='ltr'><strong>διανείμασθαι</strong></span> <span class='ocrx_word' id='word_1_134' title='bbox 551 2330 617 2402; x_wconf 82' lang='grc' dir='ltr'><em>τοὺς</em></span> <span class='ocrx_word' id='word_1_135' title='bbox 648 2329 896 2409; x_wconf 76' lang='grc' dir='ltr'><em>διανειμαμένους.</em></span> <span class='ocrx_word' id='word_1_136' title='bbox 920 2353 950 2416; x_wconf 89' lang='lat' dir='ltr'><strong>p.</strong></span> <span class='ocrx_word' id='word_1_137' title='bbox 974 2333 1037 2394; x_wconf 83' lang='lat'><strong>318</strong></span> <span class='ocrx_word' id='word_1_138' title='bbox 1062 2331 1105 2395; x_wconf 89' lang='lat' dir='ltr'><strong>D:</strong></span> <span class='ocrx_word' id='word_1_139' title='bbox 1133 2340 1186 2407; x_wconf 75' lang='grc' dir='ltr'><strong>της</strong></span> 
     </span>
     <span class='ocr_line' id='line_1_18' title="bbox 180 2448 1186 2535; baseline 0.006 -23"><span class='ocrx_word' id='word_1_140' title='bbox 180 2449 321 2521; x_wconf 82' lang='grc' dir='ltr'><em>κοινωνίας</em></span> <span class='ocrx_word' id='word_1_141' title='bbox 341 2458 393 2524; x_wconf 76' lang='grc' dir='ltr'><strong>τῆς</strong></span> <span class='ocrx_word' id='word_1_142' title='bbox 412 2450 483 2526; x_wconf 79' lang='grc' dir='ltr'><strong>ε’μῆς</strong></span> <span class='ocrx_word' id='word_1_143' title='bbox 498 2448 553 2522; x_wconf 88' lang='grc' dir='ltr'><strong>καί</strong></span> <span class='ocrx_word' id='word_1_144' title='bbox 571 2458 639 2527; x_wconf 77' lang='grc' dir='ltr'><em>σῆς,</em></span> <span class='ocrx_word' id='word_1_145' title='bbox 656 2456 687 2514; x_wconf 91' lang='lat' dir='ltr'><strong>et</strong></span> <span class='ocrx_word' id='word_1_146' title='bbox 702 2449 794 2535; x_wconf 90' lang='lat' dir='ltr'><strong>paulo</strong></span> <span class='ocrx_word' id='word_1_147' title='bbox 810 2456 892 2535; x_wconf 90' lang='lat' dir='ltr'><strong>post:</strong></span> <span class='ocrx_word' id='word_1_148' title='bbox 912 2452 964 2526; x_wconf 73' lang='grc' dir='ltr'><strong>τὴν</strong></span> <span class='ocrx_word' id='word_1_149' title='bbox 980 2452 1051 2528; x_wconf 74' lang='grc' dir='ltr'><em>ἐμὴν</em></span> <span class='ocrx_word' id='word_1_150' title='bbox 1068 2452 1117 2517; x_wconf 80' lang='grc' dir='ltr'><strong>καί</strong></span> <span class='ocrx_word' id='word_1_151' title='bbox 1135 2454 1186 2528; x_wconf 71' lang='grc' dir='ltr'><strong>σὴν</strong></span> 
     </span>
     <span class='ocr_line' id='line_1_19' title="bbox 180 2567 1185 2652; baseline 0.004 -21"><span class='ocrx_word' id='word_1_152' title='bbox 180 2567 363 2648; x_wconf 75' lang='grc' dir='ltr'><em>λυκοφιλίαν.</em></span> <span class='ocrx_word' id='word_1_153' title='bbox 384 2568 458 2632; x_wconf 90' lang='lat' dir='ltr'><strong>ibid.</strong></span> <span class='ocrx_word' id='word_1_154' title='bbox 482 2567 524 2632; x_wconf 83' lang='lat' dir='ltr'><strong>E:</strong></span> <span class='ocrx_word' id='word_1_155' title='bbox 548 2577 601 2644; x_wconf 74' lang='grc' dir='ltr'><strong>της</strong></span> <span class='ocrx_word' id='word_1_156' title='bbox 623 2570 695 2646; x_wconf 78' lang='grc' dir='ltr'><strong>ε’μῆς</strong></span> <span class='ocrx_word' id='word_1_157' title='bbox 718 2569 907 2652; x_wconf 76' lang='grc' dir='ltr'><em>μεταβολῆς,</em></span> <span class='ocrx_word' id='word_1_158' title='bbox 924 2570 948 2634; x_wconf 87' lang='grc' dir='ltr'><strong>εί</strong></span> <span class='ocrx_word' id='word_1_159' title='bbox 963 2571 1185 2650; x_wconf 72' lang='grc' dir='ltr'><em>μετεβαλόμην.</em></span> 
     </span>
     <span class='ocr_line' id='line_1_20' title="bbox 181 2685 1185 2772; baseline 0.004 -23"><span class='ocrx_word' id='word_1_160' title='bbox 181 2685 228 2750; x_wconf 84' lang='lat' dir='ltr'><strong>Of.</strong></span> <span class='ocrx_word' id='word_1_161' title='bbox 253 2687 309 2772; x_wconf 81' lang='lat' dir='ltr'><strong>Ep.</strong></span> <span class='ocrx_word' id='word_1_162' title='bbox 333 2687 386 2764; x_wconf 87' lang='grc' dir='ltr'><strong>Π,</strong></span> <span class='ocrx_word' id='word_1_163' title='bbox 407 2690 470 2751; x_wconf 76' lang='lat'><strong>312</strong></span> <span class='ocrx_word' id='word_1_164' title='bbox 491 2689 536 2751; x_wconf 88' lang='lat' dir='ltr'><strong>A:</strong></span> <span class='ocrx_word' id='word_1_165' title='bbox 554 2689 578 2753; x_wconf 88' lang='grc' dir='ltr'><strong>οί</strong></span> <span class='ocrx_word' id='word_1_166' title='bbox 596 2689 784 2766; x_wconf 81' lang='grc' dir='ltr'><em>βοῶντες</em></span> <span class='ocrx_word' id='word_1_167' title='bbox 805 2695 906 2753; x_wconf 80' lang='grc' dir='ltr'><em>ταῦτα</em></span> <span class='ocrx_word' id='word_1_168' title='bbox 925 2689 958 2763; x_wconf 75' lang='grc' dir='ltr'><strong>δὴ</strong></span> <span class='ocrx_word' id='word_1_169' title='bbox 975 2689 1185 2768; x_wconf 67' lang='grc' dir='ltr'><em>διαβεβόηται.</em></span> 
     </span>
     <span class='ocr_line' id='line_1_21' title="bbox 181 2805 1186 2889; baseline 0.003 -21"><span class='ocrx_word' id='word_1_170' title='bbox 181 2828 210 2889; x_wconf 91' lang='lat' dir='ltr'><strong>p.</strong></span> <span class='ocrx_word' id='word_1_171' title='bbox 241 2808 303 2869; x_wconf 82' lang='lat'><strong>313</strong></span> <span class='ocrx_word' id='word_1_172' title='bbox 328 2805 367 2869; x_wconf 90' lang='lat' dir='ltr'><strong>D.</strong></span> <span class='ocrx_word' id='word_1_173' title='bbox 391 2805 434 2869; x_wconf 79' lang='lat' dir='ltr'><strong>E:</strong></span> <span class='ocrx_word' id='word_1_174' title='bbox 459 2809 472 2872; x_wconf 88' lang='grc' dir='ltr'><em>ό</em></span> <span class='ocrx_word' id='word_1_175' title='bbox 489 2807 738 2888; x_wconf 85' lang='grc' dir='ltr'><em>ε’μτορευσοίμενος</em></span> <span class='ocrx_word' id='word_1_176' title='bbox 751 2857 758 2872; x_wconf 98' lang='grc'><em>.</em></span> <span class='ocrx_word' id='word_1_177' title='bbox 773 2857 802 2872; x_wconf 95' lang='grc'><strong>..</strong></span> <span class='ocrx_word' id='word_1_178' title='bbox 830 2815 883 2881; x_wconf 77' lang='grc' dir='ltr'><strong>τῆς</strong></span> <span class='ocrx_word' id='word_1_179' title='bbox 906 2808 1044 2887; x_wconf 74' lang='grc' dir='ltr'><em>ἐμπορίας</em></span> <span class='ocrx_word' id='word_1_180' title='bbox 1058 2857 1065 2872; x_wconf 91' lang='grc'><em>.</em></span> <span class='ocrx_word' id='word_1_181' title='bbox 1081 2858 1110 2873; x_wconf 92' lang='grc'><strong>..</strong></span> <span class='ocrx_word' id='word_1_182' title='bbox 1136 2809 1186 2886; x_wconf 90' lang='grc' dir='ltr'><em>ε’μ-</em></span> 
     </span>
    </p>
   </div>
   <div class='ocr_carea' id='block_1_3' title="bbox 180 2908 1183 3004">
    <p class='ocr_par' dir='ltr' id='par_1_4' title="bbox 180 2908 1183 3004">
     <span class='ocr_line' id='line_1_22' title="bbox 180 2908 1183 3004; baseline 0.002 -16"><span class='ocrx_word' id='word_1_183' title='bbox 180 2908 358 3004; x_wconf 73' lang='grc' dir='ltr'><em>ίιορεύσεται.</em></span> <span class='ocrx_word' id='word_1_184' title='bbox 392 2923 465 2989; x_wconf 91' lang='lat' dir='ltr'><strong>Nou</strong></span> <span class='ocrx_word' id='word_1_185' title='bbox 494 2925 606 2990; x_wconf 92' lang='lat' dir='ltr'><strong>mirum</strong></span> <span class='ocrx_word' id='word_1_186' title='bbox 629 2932 731 2989; x_wconf 88' lang='lat' dir='ltr'><strong>autem</strong></span> <span class='ocrx_word' id='word_1_187' title='bbox 754 2926 779 2989; x_wconf 90' lang='lat' dir='ltr'><strong>si</strong></span> <span class='ocrx_word' id='word_1_188' title='bbox 802 2925 892 2989; x_wconf 88' lang='lat' dir='ltr'><strong>inane</strong></span> <span class='ocrx_word' id='word_1_189' title='bbox 915 2924 999 2989; x_wconf 91' lang='lat' dir='ltr'><strong>istud</strong></span> <span class='ocrx_word' id='word_1_190' title='bbox 1024 2926 1183 2990; x_wconf 88' lang='lat' dir='ltr'><strong>verborum</strong></span> 
     </span>
    </p>
   </div>
   <div class='ocr_carea' id='block_1_4' title="bbox 178 3042 1238 4093">
    <p class='ocr_par' dir='ltr' id='par_1_5' title="bbox 178 3042 1186 3605">
     <span class='ocr_line' id='line_1_23' title="bbox 180 3042 1183 3129; baseline 0 -22"><span class='ocrx_word' id='word_1_191' title='bbox 180 3044 345 3128; x_wconf 89' lang='lat' dir='ltr'><strong>aucupium</strong></span> <span class='ocrx_word' id='word_1_192' title='bbox 376 3044 531 3128; x_wconf 86' lang='lat' dir='ltr'><strong>scriptoris</strong></span> <span class='ocrx_word' id='word_1_193' title='bbox 558 3044 675 3129; x_wconf 91' lang='lat' dir='ltr'><strong>judicio</strong></span> <span class='ocrx_word' id='word_1_194' title='bbox 705 3042 799 3106; x_wconf 89' lang='lat' dir='ltr'><strong>officit</strong></span> <span class='ocrx_word' id='word_1_195' title='bbox 829 3049 860 3106; x_wconf 91' lang='lat' dir='ltr'><strong>et</strong></span> <span class='ocrx_word' id='word_1_196' title='bbox 880 3043 1066 3121; x_wconf 89' lang='lat' dir='ltr'><strong>orationem,</strong></span> <span class='ocrx_word' id='word_1_197' title='bbox 1091 3065 1183 3126; x_wconf 93' lang='lat' dir='ltr'><strong>quam</strong></span> 
     </span>
     <span class='ocr_line' id='line_1_24' title="bbox 180 3161 1183 3249; baseline -0.002 -22"><span class='ocrx_word' id='word_1_198' title='bbox 180 3164 333 3249; x_wconf 89' lang='lat' dir='ltr'><strong>copiosam</strong></span> <span class='ocrx_word' id='word_1_199' title='bbox 354 3164 483 3228; x_wconf 89' lang='lat' dir='ltr'><strong>reddere</strong></span> <span class='ocrx_word' id='word_1_200' title='bbox 506 3164 630 3241; x_wconf 84' lang='lat' dir='ltr'><strong>nititur,</strong></span> <span class='ocrx_word' id='word_1_201' title='bbox 654 3163 726 3226; x_wconf 87' lang='lat' dir='ltr'><strong>facit</strong></span> <span class='ocrx_word' id='word_1_202' title='bbox 748 3161 942 3226; x_wconf 88' lang='lat' dir='ltr'><strong>lutulentam.</strong></span> <span class='ocrx_word' id='word_1_203' title='bbox 988 3161 1066 3225; x_wconf 91' lang='lat' dir='ltr'><strong>Inde</strong></span> <span class='ocrx_word' id='word_1_204' title='bbox 1090 3162 1124 3225; x_wconf 89' lang='lat' dir='ltr'><strong>fit</strong></span> <span class='ocrx_word' id='word_1_205' title='bbox 1147 3170 1183 3225; x_wconf 88' lang='lat' dir='ltr'><strong>ut</strong></span> 
     </span>
     <span class='ocr_line' id='line_1_25' title="bbox 180 3280 1184 3359; baseline -0.002 -13"><span class='ocrx_word' id='word_1_206' title='bbox 180 3304 242 3347; x_wconf 91' lang='lat' dir='ltr'><strong>non</strong></span> <span class='ocrx_word' id='word_1_207' title='bbox 272 3305 340 3346; x_wconf 90' lang='lat' dir='ltr'><strong>raro</strong></span> <span class='ocrx_word' id='word_1_208' title='bbox 371 3282 504 3347; x_wconf 87' lang='lat' dir='ltr'><strong>offendas</strong></span> <span class='ocrx_word' id='word_1_209' title='bbox 534 3283 566 3346; x_wconf 90' lang='lat' dir='ltr'><strong>iu</strong></span> <span class='ocrx_word' id='word_1_210' title='bbox 598 3282 762 3346; x_wconf 85' lang='lat' dir='ltr'><strong>sententias</strong></span> <span class='ocrx_word' id='word_1_211' title='bbox 793 3280 934 3358; x_wconf 86' lang='lat' dir='ltr'><strong>mutilas,</strong></span> <span class='ocrx_word' id='word_1_212' title='bbox 964 3280 1097 3359; x_wconf 75' lang='lat' dir='ltr'><strong>hiuloaS,</strong></span> <span class='ocrx_word' id='word_1_213' title='bbox 1122 3303 1184 3344; x_wconf 88' lang='lat' dir='ltr'><strong>nou</strong></span> 
     </span>
     <span class='ocr_line' id='line_1_26' title="bbox 178 3394 1186 3486; baseline -0.004 -21"><span class='ocrx_word' id='word_1_214' title='bbox 178 3403 261 3486; x_wconf 90' lang='lat' dir='ltr'><strong>justo</strong></span> <span class='ocrx_word' id='word_1_215' title='bbox 290 3402 395 3466; x_wconf 87' lang='lat' dir='ltr'><strong>ordine</strong></span> <span class='ocrx_word' id='word_1_216' title='bbox 425 3409 572 3480; x_wconf 87' lang='lat' dir='ltr'><strong>structas,</strong></span> <span class='ocrx_word' id='word_1_217' title='bbox 597 3394 692 3465; x_wconf 66' lang='lat' dir='ltr'><strong>¹ouius</strong></span> <span class='ocrx_word' id='word_1_218' title='bbox 726 3401 844 3485; x_wconf 84' lang='lat' dir='ltr'><strong>generis</strong></span> <span class='ocrx_word' id='word_1_219' title='bbox 868 3423 883 3462; x_wconf 94' lang='lat' dir='ltr'><strong>e</strong></span> <span class='ocrx_word' id='word_1_220' title='bbox 906 3398 1011 3463; x_wconf 87' lang='lat' dir='ltr'><strong>multis</strong></span> <span class='ocrx_word' id='word_1_221' title='bbox 1034 3421 1130 3462; x_wconf 91' lang='lat' dir='ltr'><strong>uuum</strong></span> <span class='ocrx_word' id='word_1_222' title='bbox 1156 3407 1186 3462; x_wconf 88' lang='lat' dir='ltr'><strong>et</strong></span> 
     </span>
     <span class='ocr_line' id='line_1_27' title="bbox 181 3510 900 3605; baseline -0.003 -21"><span class='ocrx_word' id='word_1_223' title='bbox 181 3544 277 3586; x_wconf 91' lang='lat' dir='ltr'><strong>unum</strong></span> <span class='ocrx_word' id='word_1_224' title='bbox 301 3522 429 3603; x_wconf 88' lang='lat' dir='ltr'><strong>alterum</strong></span> <span class='ocrx_word' id='word_1_225' title='bbox 453 3520 625 3605; x_wconf 84' lang='lat' dir='ltr'><strong>exemplum</strong></span> <span class='ocrx_word' id='word_1_226' title='bbox 648 3510 792 3583; x_wconf 51' lang='lat' dir='ltr'><strong>afferams</strong></span> <span class='ocrx_word' id='word_1_227' title='bbox 899 3565 900 3570; x_wconf 20' lang='grc' dir='ltr'><em>ι</em></span> 
     </span>
    </p>

    <p class='ocr_par' dir='ltr' id='par_1_6' title="bbox 179 3632 1238 4093">
     <span class='ocr_line' id='line_1_28' title="bbox 224 3632 1185 3724; baseline -0.004 -20"><span class='ocrx_word' id='word_1_228' title='bbox 224 3639 361 3704; x_wconf 90' lang='lat' dir='ltr'><strong>Primum</strong></span> <span class='ocrx_word' id='word_1_229' title='bbox 385 3639 555 3724; x_wconf 85' lang='lat' dir='ltr'><strong>exemplum</strong></span> <span class='ocrx_word' id='word_1_230' title='bbox 579 3640 619 3703; x_wconf 93' lang='lat' dir='ltr'><strong>sit</strong></span> <span class='ocrx_word' id='word_1_231' title='bbox 643 3636 812 3724; x_wconf 75' lang='lat' dir='ltr'><strong>patto:</strong></span> <span class='ocrx_word' id='word_1_232' title='bbox 831 3632 939 3702; x_wconf 81' lang='grc' dir='ltr'><em>Ἧλίον</em></span> <span class='ocrx_word' id='word_1_233' title='bbox 955 3635 1130 3714; x_wconf 86' lang='grc' dir='ltr'><em>καλούμενος</em></span> <span class='ocrx_word' id='word_1_234' title='bbox 1146 3637 1185 3709; x_wconf 87' lang='grc' dir='ltr'><strong>είς</strong></span> 
     </span>
     <span class='ocr_line' id='line_1_29' title="bbox 180 3733 1184 3841; baseline -0.007 -17"><span class='ocrx_word' id='word_1_235' title='bbox 180 3760 367 3841; x_wconf 78' lang='grc' dir='ltr'><em>Συρακούσας</em></span> <span class='ocrx_word' id='word_1_236' title='bbox 398 3759 453 3823; x_wconf 66' lang='lat' dir='ltr'><strong>ord</strong></span> <span class='ocrx_word' id='word_1_237' title='bbox 481 3733 514 3822; x_wconf 90' lang='grc' dir='ltr'><strong>τε</strong></span> <span class='ocrx_word' id='word_1_238' title='bbox 545 3765 594 3825; x_wconf 83' lang='grc' dir='ltr'><strong>σού</strong></span> <span class='ocrx_word' id='word_1_239' title='bbox 624 3758 673 3823; x_wconf 83' lang='grc' dir='ltr'><strong>καί</strong></span> <span class='ocrx_word' id='word_1_240' title='bbox 709 3757 830 3834; x_wconf 87' lang='grc' dir='ltr'><em>Δίωνος,</em></span> <span class='ocrx_word' id='word_1_241' title='bbox 860 3762 910 3821; x_wconf 84' lang='grc' dir='ltr'><strong>τού</strong></span> <span class='ocrx_word' id='word_1_242' title='bbox 941 3756 994 3833; x_wconf 81' lang='grc' dir='ltr'><strong>μὲν</strong></span> <span class='ocrx_word' id='word_1_243' title='bbox 1017 3755 1184 3832; x_wconf 89' lang='grc' dir='ltr'><em>δεδοκιμασ-</em></span> 
     </span>
     <span class='ocr_line' id='line_1_30' title="bbox 180 3871 1184 3957; baseline -0.008 -15"><span class='ocrx_word' id='word_1_244' title='bbox 180 3877 264 3956; x_wconf 86' lang='grc' dir='ltr'><em>μένου</em></span> <span class='ocrx_word' id='word_1_245' title='bbox 295 3880 364 3956; x_wconf 77' lang='grc' dir='ltr'><strong>παρ’</strong></span> <span class='ocrx_word' id='word_1_246' title='bbox 388 3877 449 3954; x_wconf 79' lang='grc' dir='ltr'><em>ε’μοί</em></span> <span class='ocrx_word' id='word_1_247' title='bbox 479 3874 529 3940; x_wconf 81' lang='grc' dir='ltr'><strong>καί</strong></span> <span class='ocrx_word' id='word_1_248' title='bbox 560 3874 638 3957; x_wconf 81' lang='grc' dir='ltr'><em>ξένου</em></span> <span class='ocrx_word' id='word_1_249' title='bbox 661 3873 756 3940; x_wconf 83' lang='grc' dir='ltr'><em>τοίλαι</em></span> <span class='ocrx_word' id='word_1_250' title='bbox 786 3873 958 3952; x_wconf 88' lang='grc' dir='ltr'><em>γεγονότος,</em></span> <span class='ocrx_word' id='word_1_251' title='bbox 989 3873 1018 3935; x_wconf 84' lang='grc' dir='ltr'><strong>ἐν</strong></span> <span class='ocrx_word' id='word_1_252' title='bbox 1042 3871 1139 3954; x_wconf 73' lang='grc' dir='ltr'><em>ἡλικία</em></span> <span class='ocrx_word' id='word_1_253' title='bbox 1161 3872 1184 3935; x_wconf 88' lang='grc' dir='ltr'><strong>δ’</strong></span> 
     </span>
     <span class='ocr_line' id='line_1_31' title="bbox 179 3989 1238 4093; baseline -0.006 -33"><span class='ocrx_word' id='word_1_254' title='bbox 179 3994 255 4066; x_wconf 83' lang='grc' dir='ltr'><em>όντος</em></span> <span class='ocrx_word' id='word_1_255' title='bbox 278 3993 352 4077; x_wconf 81' lang='grc' dir='ltr'><em>μέση</em></span> <span class='ocrx_word' id='word_1_256' title='bbox 381 3995 430 4058; x_wconf 80' lang='grc' dir='ltr'><strong>καί</strong></span> <span class='ocrx_word' id='word_1_257' title='bbox 462 3994 671 4078; x_wconf 79' lang='grc' dir='ltr'><em>καόεστηκυίρι,</em></span> <span class='ocrx_word' id='word_1_258' title='bbox 703 3990 739 4058; x_wconf 80' lang='grc' dir='ltr'><strong>ὧν</strong></span> <span class='ocrx_word' id='word_1_259' title='bbox 761 3994 794 4067; x_wconf 77' lang='grc' dir='ltr'><strong>δη</strong></span> <span class='ocrx_word' id='word_1_260' title='bbox 817 3992 992 4057; x_wconf 86' lang='grc' dir='ltr'><em>ταντοίνιασι</em></span> <span class='ocrx_word' id='word_1_261' title='bbox 1015 3989 1183 4093; x_wconf 22' lang='grc' dir='ltr'><em>χρείαιτοίς</em></span> <span class='ocrx_word' id='word_1_262' title='bbox 1236 4032 1238 4039; x_wconf 69' lang='lat'><em>,</em></span> 
     </span>
    </p>
   </div>
   <div class='ocr_carea' id='block_1_5' title="bbox 180 4105 1182 4193">
    <p class='ocr_par' dir='ltr' id='par_1_7' title="bbox 180 4105 1182 4193">
     <span class='ocr_line' id='line_1_32' title="bbox 180 4105 1182 4193; baseline -0.002 -18"><span class='ocrx_word' id='word_1_263' title='bbox 180 4120 241 4177; x_wconf 82' lang='grc' dir='ltr'><em>νοῦν</em></span> <span class='ocrx_word' id='word_1_264' title='bbox 275 4113 323 4177; x_wconf 78' lang='grc' dir='ltr'><strong>καί</strong></span> <span class='ocrx_word' id='word_1_265' title='bbox 353 4113 469 4193; x_wconf 85' lang='grc' dir='ltr'><em>σμικρὸν</em></span> <span class='ocrx_word' id='word_1_266' title='bbox 498 4112 679 4191; x_wconf 85' lang='grc' dir='ltr'><em>κεκτημένοις</em></span> <span class='ocrx_word' id='word_1_267' title='bbox 710 4109 848 4190; x_wconf 78' lang='grc' dir='ltr'><em>μέλλουσι</em></span> <span class='ocrx_word' id='word_1_268' title='bbox 880 4110 942 4190; x_wconf 78' lang='grc' dir='ltr'><strong>περὶ</strong></span> <span class='ocrx_word' id='word_1_269' title='bbox 965 4109 1105 4174; x_wconf 83' lang='grc' dir='ltr'><em>τοσούτων</em></span> <span class='ocrx_word' id='word_1_270' title='bbox 1128 4105 1182 4173; x_wconf 87' lang='grc' dir='ltr'><strong>όσα</strong></span> 
     </span>
    </p>
   </div>
   <div class='ocr_carea' id='block_1_6' title="bbox 0 0 1378 4950">
    <p class='ocr_par' dir='ltr' id='par_1_8' title="bbox 0 0 1378 4950">
     <span class='ocr_line' id='line_1_33' title="bbox 0 0 1378 4950; baseline 0 1"><span class='ocrx_word' id='word_1_271' title='bbox 0 0 1378 4950; x_wconf 95' lang='lat' dir='ltr'><strong> </strong></span> 
     </span>
    </p>
   </div>
  </div>
 </body>
</html>
