2746 4950
660 331 720 390 ma

189 545 286 616 certa,
311 538 368 601 hoc
391 559 488 600 unum
512 543 629 600 certum
652 558 716 599 esse
736 543 766 600 et
790 536 897 601 stabile
920 537 1016 602 dicit:
1030 542 1062 604 οὐ
1075 539 1201 621 ydatio

188 658 295 724 τούτων
314 658 356 734 μή
375 668 419 728 τις
435 656 475 720 τόν
500 654 629 736 τέττοιροι
651 655 733 737 λόβη
753 655 953 734 ἁμωσγέπως,
977 657 1088 723 οὔποτε
1100 661 1201 732 τελέως

188 777 352 854 ἐπιστήμης
382 780 432 840 τοῦ
462 773 598 866 πέμπτον
628 772 755 855 μέτοχος
785 774 878 840 ἔστων.
928 774 970 837 Et
1000 777 1099 861 paulo
1134 777 1203 875 infe

188 897 269 960 rius:
304 895 401 974 μόριος
435 893 464 957 δὲ
498 891 586 968 λόγος
619 889 658 957 ad
688 894 750 972 arpi
773 892 897 958 ἑκόστοο
916 899 972 958 τῶν
995 896 1149 976 τεττοόμων
1169 899 1201 968 ar

187 1013 316 1096 οὶσοοφές.
363 1011 445 1096 Ergo
477 1012 641 1089 ἐπιστήμην
672 1010 762 1074 modo
793 1013 833 1093 τῷ
860 1011 934 1087 όντι,
966 1013 998 1076 h.
1033 1037 1060 1078 e.
1084 1016 1202 1079 veritati

187 1141 348 1217 cognatam
371 1130 461 1208 dicit,
485 1129 576 1193 modo
601 1138 781 1195 annumerat
805 1131 843 1195 iis
867 1154 944 1216 quae
969 1133 1090 1198 incerta
1106 1145 1139 1200 et
1153 1135 1201 1198 sal·

188 1252 265 1315 lacia
288 1257 370 1315 sunt.
417 1248 501 1313 Haec
525 1248 600 1313 adeo
623 1249 745 1313 turbata
769 1257 859 1328 sunt,
883 1257 919 1313 ut
935 1252 1071 1336 scriptor
1086 1255 1201 1318 nescire

187 1370 327 1433 videatur
351 1367 425 1452 quid
449 1366 549 1443 dicat3
574 1377 699 1452 apparet
722 1390 789 1432 eum
815 1369 977 1446 ἐπιστήμην
997 1370 1160 1457 vulgarem
1174 1381 1201 1436 et

186 1491 238 1564 τήν
260 1491 353 1564 οόληόή
376 1488 540 1564 ἐπιστήμην
564 1486 748 1551 confudisse.

232 1606 333 1687 Quam
366 1598 456 1689 longe
484 1606 557 1669 haec
589 1605 705 1670 distant
735 1628 753 1668 a
783 1605 1099 1673 Platonisdoctrina.
1144 1608 1200 1673 Hic

186 1749 234 1790 res
257 1726 411 1789 universas
436 1723 600 1809 distinguit
621 1724 654 1787 in
678 1723 740 1788 duo
763 1746 890 1808 genera,
911 1726 963 1799 τήν
983 1727 1086 1791 οὐσίων
1107 1735 1139 1791 et
1153 1730 1201 1804 τήν

186 1845 312 1926 γένεσιν,
338 1865 469 1927 quorum
490 1843 564 1906 haec
577 1865 624 1906 res
642 1850 798 1926 generatas
816 1851 847 1905 et
862 1843 960 1906 fluxas
985 1845 1038 1928 (τοὶ
1058 1847 1199 1928 οιέσόητό,

186 1965 227 2029 τόν
249 1965 403 2046 ἐρώμενοι),
423 1962 476 2025 illa
499 1970 636 2026 aeternas
660 1975 689 2024 et
713 1961 836 2026 stabiles
860 1962 911 2045 (τόν
935 1962 1055 2046 νοητοό,Ι
1068 1968 1111 2030 τόν
1131 1965 1201 2030 νοοό

187 2085 273 2166 μενοι)
305 2080 530 2166 complectitur.
555 2079 666 2144 Rerum
692 2080 844 2143 fluxarum
868 2079 1019 2163 cognitio,
1041 2104 1123 2165 quae
1139 2107 1201 2147 sen·

164 2224 276 2284 ‚suum
315 2222 371 2285 ope
394 2200 529 2285 paritur,
557 2198 728 2283 appellatur
759 2197 840 2274 δόξω,
864 2221 941 2283 quae
973 2221 1072 2283 aeque
1096 2225 1132 2266 ac
1155 2225 1198 2266 res

187 2320 225 2383 ad
249 2341 324 2402 quas
349 2318 480 2403 pertinet
509 2339 616 2380 manca
639 2324 685 2381 est
713 2324 742 2380 et
756 2317 890 2394 incerta;
907 2318 1048 2401 opposita
1065 2319 1141 2384 huic
1157 2331 1200 2385 est

186 2440 350 2515 ἐπιστήμη,
375 2437 502 2500 scientia
524 2458 625 2500 rerum
653 2458 731 2519 quae
757 2443 860 2499 mente
877 2430 1199 2520 comprehenduntur:

185 2557 274 2634 haec,
299 2563 335 2619 ut
356 2556 439 2620 οὐσόοι
461 2555 544 2640 ipsa,
568 2555 654 2620 firma
674 2563 704 2618 et
719 2578 789 2619 vera
806 2563 860 2620 est.
884 2555 934 2619 Sic
946 2578 1024 2640 quae
1040 2567 1151 2624 noster
1166 2570 1200 2624 ut

186 2675 297 2739 similia
320 2674 423 2758 ponit,
449 2675 614 2749 ἐπιστήμη,
640 2680 702 2745 νοῦς
727 2684 757 2737 et
778 2675 886 2749 οὶνιηόής
899 2672 978 2750 δόξω,
996 2677 1083 2759 apud
1099 2677 1200 2742 Plato

185 2818 254 2858 nem
278 2795 417 2879 opposita
436 2793 494 2857 sibi
515 2803 588 2856 sunt
605 2806 635 2856 et
652 2793 812 2881 contparia.
838 2792 907 2877 Ipse
922 2793 954 2857 in
966 2792 1155 2877 Theaeteto,
1169 2822 1198 2884 p.

186 2915 249 2976 261
275 2911 314 2990 C,
339 2912 451 2976 refutat
474 2912 542 2989 eos,
567 2912 621 2995 qui
644 2911 821 2975 statuebant
844 2914 1007 2989 ἐπιστήμην
1024 2917 1199 2992 θεεθοὶληόή

184 3029 268 3107 δόξων
291 3032 371 3109 μετόν
394 3030 499 3108 λόγον,
524 3039 555 3093 et
577 3029 614 3094 de
631 3029 735 3094 eadem
751 3031 929 3114 quaestione
944 3031 1094 3096 classicus
1112 3035 1198 3100 locus

184 3158 230 3212 est
259 3150 290 3212 in
321 3148 462 3226 Timaeo,
492 3171 523 3232 p.
539 3150 592 3211 -5l
630 3148 726 3226 DE,
750 3148 805 3214 ubi
829 3148 950 3213 disertis
973 3150 1076 3214 verbis
1102 3153 1198 3231 dicit,

183 3266 272 3331 ambo
295 3265 348 3328 illa
371 3266 489 3329 diversa
512 3288 575 3329 esse
599 3275 629 3328 et
648 3265 825 3331 dissimilia:
847 3267 894 3332 δύο
906 3268 938 3343 δή
950 3269 1068 3333 λεκτέον
1082 3273 1198 3356 ἐκείνω,

182 3387 250 3452 διότι
274 3385 362 3467 χωρὶς
386 3385 546 3462 γεγόνοιτον
567 3386 706 3463 οὶνομοόως
730 3386 881 3466 τ’ἐχετον.
922 3385 1064 3452 Forsitan
1091 3400 1200 3457 noster

182 3504 220 3568 ad
267 3505 340 3568 haec
370 3502 585 3588 conjungenda
615 3503 727 3567 ductus
759 3511 804 3568 est
838 3504 904 3568 loco
935 3504 973 3569 de
1001 3504 1104 3593 Legg.
1145 3510 1198 3590 Π,

123 3703 126 3709 Ι
180 3647 210 3710 p.
236 3625 297 3687 653
322 3625 365 3687 A:
390 3622 523 3706 φρόνησιν
547 3624 575 3686 δὲ
599 3623 649 3688 nal
674 3625 790 3699 οόληόεῖς
814 3623 898 3701 δόξοις
922 3624 1084 3706 βεβωόονς,
1111 3631 1197 3696 εὐπν-

75 3824 81 3835 .
177 3747 236 3825 χής
259 3742 313 3824 ότῳ
331 3742 380 3807 aa)
401 3743 468 3822 πρὸς
486 3746 519 3807 τὸ
534 3749 627 3824 γήροις
643 3743 838 3827 ποιοενένετο,
856 3744 939 3829 quod
953 3744 1071 3808 dictum
1085 3749 1198 3813 retulit

177 3861 281 3927 Cicero
313 3863 351 3926 de
389 3861 456 3925 Pin.
494 3861 541 3939 V,
575 3865 634 3926 ai:
666 3863 845 3941 „Praeclare
877 3864 956 3927 enim
979 3862 1091 3930 Plato:
1117 3869 1197 3932 Bea-

177 3987 251 4056 tam,
276 3981 324 4044 cui
347 3983 433 4044 etiam
455 3981 487 4042 ia
509 3987 650 4045 acaecitate
670 3981 820 4062 coatiperit
841 3989 874 4044 at
901 3983 1073 4064 sapientiam
1098 4009 1195 4050 verar-

176 4123 231 4183 qne
265 4101 412 4180 opiniones
434 4099 548 4183 assequi
565 4100 692 4181 μοοοόί.”
738 4103 780 4163 At
804 4101 891 4163 Plato
917 4102 964 4163 hio
988 4101 1132 4184 loquitur
1157 4129 1192 4168 ex
