2746 4950
654 339 716 398 331

181 543 317 620 videtur,
351 566 448 627 quum
475 545 599 608 scribit:
633 541 714 618 ἦλθον
745 547 800 610 ὑπὸ
823 547 974 626 τυραννίδα
997 549 1134 613 δοκοῦσαν
1156 551 1187 613 οὐ

180 661 297 741 πρέπειν
315 669 374 734 τοῖς
390 664 468 739 ἐμοῖς
483 667 582 740 λόγοις
597 665 652 728 οὐδ’
664 666 728 742 ἐμοί
742 667 860 749 (1³:329
874 665 1090 750 B).⁹Plerique
1107 667 1188 731 enim

180 780 235 864 qui
268 780 352 844 illam
385 780 487 845 aulam
510 781 636 846 adibant
658 782 690 847 id
720 783 872 848 faciebant
893 784 971 847 lucri
995 783 1045 847 vel
1068 783 1186 847 delicia·

179 921 249 961 rum
272 899 416 984 cupidine
439 900 578 984 pellecti,
603 924 619 965 e
642 922 704 985 quo
727 924 836 987 genere
852 901 979 965 fuerunt
994 902 1171 988 Aristippus
1178 952 1187 981 ‚

180 1017 349 1096 Philistus,
366 1019 553 1084 Philoxenus
572 1021 612 1106 ¹),
637 1020 706 1100 alii;
730 1044 805 1085 num
828 1020 1004 1096 mirandum
1027 1021 1053 1084 si
1069 1021 1107 1084 de
1122 1021 1189 1085 Pla

180 1143 253 1200 tone
287 1137 410 1201 eandem
447 1137 600 1203 habebant
634 1139 809 1224 opinionem
844 1161 879 1203 ac
913 1161 1021 1224 parum
1051 1139 1188 1204 honestis

181 1255 281 1318 causis
304 1255 413 1320 itinera
435 1257 489 1320 illa
511 1257 709 1322 tribuebant?
754 1257 894 1322 Fuerunt
916 1257 971 1342 qui
997 1280 1067 1322 eum
1090 1257 1123 1321 in
1146 1257 1191 1321 Si·

181 1373 284 1438 ciliam
306 1375 476 1460 proiectum
500 1399 564 1440 esse
588 1376 724 1440 dicerent
744 1376 792 1442 ἐπί
814 1376 949 1457 χρήμασι
973 1376 1023 1440 καί
1047 1373 1189 1457 τραπέζῃ,

181 1503 218 1557 ut
250 1502 354 1558 narrat
375 1493 575 1573 Themistius,
600 1494 686 1560 Orat.
711 1495 824 1574 XVII,
857 1518 888 1580 p.
914 1499 976 1559 215
990 1495 1032 1579 2),
1057 1495 1108 1559 cui
1130 1495 1191 1581 ipsi

180 1613 399 1698 vituperationi
428 1615 614 1698 respondent
647 1616 738 1685 verba
770 1615 869 1701 Epist.
895 1614 976 1694 VH,
1001 1638 1031 1700 p.
1058 1617 1120 1678 326
1145 1614 1189 1678 B:

182 1730 301 1795 ἐλθόντα
323 1730 353 1795 δέ
375 1733 410 1808 μ’
434 1732 744 1814 asclepiadaeus
773 1727 811 1798 αὖ
840 1732 904 1810 βίος
927 1732 1086 1810 εὐδαίμων,
1113 1735 1190 1796 Ἰτα-

181 1854 318 1913 accuratio
343 1874 377 1913 rs
407 1850 455 1913 καί
480 1853 659 1935 Συρακοσίων
689 1850 838 1932 τραπεζῶν
862 1851 988 1933 πλήρης,
1011 1850 1123 1930 οὐδαμῇ
1146 1851 1189 1914 οὐ·

183 1970 281 2046 δαμῶς
312 1969 417 2049 ἤρεσεν.
465 1967 536 2034 Non
568 1970 633 2035 sine
665 1993 757 2034 causa
789 1969 1047 2054 Syracusanorum
1077 1988 1192 2056 mensa-

182 2111 251 2152 rum
275 2088 465 2172 opulentiam
487 2088 531 2154 ibi
546 2096 607 2154 tam
625 2088 730 2154 acerbe
745 2097 849 2167 notat,
874 2089 928 2153 sed
944 2087 1028 2152 hand
1044 2086 1136 2151 dubie
1153 2085 1192 2149 ad

183 2207 334 2293 malignos
357 2230 492 2272 rumores
507 2209 656 2294 respexit,
681 2216 717 2273 ut
737 2208 981 2274 animadversum
1002 2213 1049 2272 est
1064 2206 1101 2271 ab
1117 2205 1194 2269 Her·

184 2350 296 2392 manno
327 2327 360 2391 in
390 2326 468 2392 libro
498 2328 581 2392 laud.
615 2352 645 2414 p.
681 2331 753 2392 116.
808 2329 872 2392 Alii
896 2350 966 2391 eum
989 2326 1067 2390 lucri
1090 2324 1192 2389 studio

185 2448 314 2511 ductum
328 2447 422 2511 fuisse
438 2447 631 2526 dictitarunt,
648 2456 809 2533 arguentes
824 2447 971 2512 nimirum
987 2445 1070 2530 quod
1082 2444 1192 2509 Dionis

184 2566 329 2651 impensis
353 2566 525 2651 choregiam
549 2567 749 2652 praestitisset
772 2565 941 2650 (Plutarch.
973 2565 1067 2628 Arist.
1092 2586 1118 2628 c.
1142 2565 1190 2648 l),

185 2685 234 2748 vel
257 2684 340 2768 quod
358 2685 452 2750 libros
472 2684 592 2750 emisset
611 2686 741 2771 pecunia
759 2684 935 2770 aDionysio
952 2689 1075 2767 accepta
1097 2680 1190 2766 (Gell.

186 2801 227 2866 N.
253 2804 299 2866 A.
315 2802 382 2882 HI,
409 2805 470 2889 17).
502 2803 590 2868 Hanc
614 2825 736 2889 quoque
759 2803 943 2868 calumniam
965 2799 1105 2887 Epistola
1127 2797 1192 2862 VII

187 2922 325 3008 repellit,
360 2922 416 2986 ubi
453 2923 582 3009 legimus
613 2923 774 2987 Platonem
809 2921 971 3008 pecuniam
1002 2927 1033 2984 et
1063 2918 1192 2983 honores

189 3064 207 3104 a
236 3047 366 3126 tyranno
396 3041 455 3106 sibi
484 3041 586 3106 oblata
616 3042 763 3127 sprevisse
801 3048 832 3105 et
862 3040 1012 3104 amicitiae
1043 3040 1095 3125 jus
1119 3059 1193 3102 auro

189 3161 318 3226 vendere
340 3160 488 3239 noluisse,
513 3184 543 3246 p.
560 3164 625 3261 334
641 3161 687 3227 Β;
712 3161 792 3244 Φκμὶ
815 3161 875 3243 γὰρ
897 3160 1024 3224 κάκεῖνον
1047 3158 1194 3231 ’Alauona

158 3309 160 3312 ’
188 3276 278 3362 εἶναι,
305 3276 335 3351 ὃς
358 3281 388 3344 οὐ
412 3279 554 3362 προῦδωκε
576 3281 624 3345 τὸν
647 3281 855 3346 aristocrito
878 3277 1016 3362 (Δίωνα),
1032 3274 1100 3364 1ἐξὸν
1122 3275 1195 3356 χρή·

190 3423 278 3475 ματα
293 3400 342 3463 καί
365 3395 465 3470 ἄλλως
483 3399 574 3476 τομὰς
596 3399 711 3470 πολλὰς
727 3395 904 3478 λαμβάνειν.
943 3395 1030 3459 idem
1045 3394 1079 3458 in
1093 3393 1193 3478 Epist.

191 3516 261 3596 III,
299 3540 328 3602 p.
368 3518 432 3580 318
470 3516 518 3596 D,
557 3517 669 3584 dicitur
700 3517 747 3581 his
781 3516 900 3582 verbis=
934 3513 1022 3585 κακὸς
1065 3511 1124 3593 γὰρ
1157 3509 1195 3576 ίον

191 3637 291 3718 ἔχοντί
320 3660 358 3714 νε
389 3642 451 3701 νοῦν
479 3636 556 3718 οίνδρί
584 3637 740 3720 φαινοίμην
769 3636 898 3712 ἐνδίκως,
921 3632 1045 3703 πεισθείς
1068 3632 1122 3696 ὑπὸ
1143 3635 1195 3696 τοῦ

196 3791 388 3801 -.----

229 3868 252 3929 1)
270 3867 305 3916 De
328 3865 455 3916 Philoxeni
481 3866 669 3917 commoratione
691 3868 755 3933 apud
776 3864 920 3930 Dionysium
938 3861 1048 3912 videatur
1069 3858 1197 3919 Scholia

194 3962 318 4026 Aristoph.
336 3961 449 4020 Plutum,
466 3977 501 4012 vs.
519 3962 575 4011 290.

228 4060 252 4121 2)
271 4058 338 4108 Idem
367 4060 486 4107 testantur
514 4058 616 4124 scriptor
638 4058 715 4124 Epist.
739 4057 848 4122 Xenoph.
874 4057 897 4106 1.
922 4054 1043 4118 ceterique
1071 4050 1198 4116 scriptores

196 4171 256 4220 qnos
271 4154 377 4205 laudarit
394 4154 526 4203 Hermann.
543 4153 569 4204 ll.
586 4170 610 4220 p.
629 4155 690 4214 116,
708 4158 759 4205 not.
777 4154 833 4204 133.
