2746 4950
674 347 713 408 70

227 552 292 615 Iam
324 573 359 613 cx
392 549 439 614 his
470 549 613 634 exemplis
645 550 758 614 citiccrc
790 550 876 628 licet,
903 573 963 635 qua
985 558 1050 615 arte
1073 559 1106 616 ct
1132 575 1198 639 quo

179 668 296 756 judicio
320 670 450 754 scriptor
471 674 574 733 nostcr
596 670 628 733 in
651 640 798 733 imitando
814 669 942 735 Platone
961 693 1036 735 usus
1052 672 1104 736 sit.
1141 673 1200 739 Uti

181 796 284 854 autem
307 788 445 852 Platonis
473 787 585 872 scripta
607 788 684 853 mira
707 811 738 852 se
769 788 983 853 commendant
1012 789 1076 854 stili
1100 793 1200 859 varie

180 914 262 985 tate,
283 907 380 971 oratio
397 906 488 970 modo
507 906 610 991 lepore
628 914 658 970 et
680 913 840 972 venustate
863 907 992 992 insignis
1013 915 1076 986 est,
1099 911 1200 975 modo

182 1027 331 1111 gravitate
354 1033 386 1090 et
408 1025 588 1104 altitudine,
620 1025 711 1089 modo
734 1025 856 1090 subtilis
880 1032 925 1089 est
948 1033 979 1090 ct
1001 1026 1126 1105 sedata,
1153 1030 1200 1095 ita

182 1146 312 1231 scriptor
333 1151 438 1208 noster
461 1166 583 1229 operam
606 1143 691 1208 dedit
713 1151 750 1207 ut
771 1144 804 1208 in
826 1143 883 1207 hac
907 1144 1034 1229 epistola
1057 1146 1200 1213 cuiusvis

183 1264 305 1329 dicendi
328 1263 446 1349 generis
470 1263 558 1347 quasi
581 1262 745 1348 specimina
767 1263 912 1327 insereret
919 1288 928 1340 ;
952 1285 1061 1328 verum
1074 1264 1121 1329 ita
1138 1265 1200 1332 hoc

182 1383 255 1448 fecit
285 1390 322 1447 ut
352 1382 391 1446 ab
420 1382 572 1446 imitatore
602 1388 775 1466 exspectare
800 1381 892 1446 licet:
925 1404 1021 1465 quum
1050 1382 1200 1451 sublimis
1258 1374 1262 1378 i

184 1524 249 1567 esse
278 1501 363 1579 vult,
399 1501 434 1564 fit
456 1501 598 1578 inflatus,
630 1522 727 1584 quum
757 1507 923 1578 venustus,
954 1501 989 1563 fit
1019 1499 1197 1569 affectatus.

183 1619 333 1705 Exempla
355 1619 505 1703 quaedam
528 1619 586 1682 hoc
608 1617 816 1683 illustrabunt.

229 1738 373 1803 Celsioris
404 1737 526 1802 dicendi
556 1737 674 1821 generis
705 1737 877 1821 exemplum
900 1744 1000 1822 petam
1024 1760 1061 1801 ex
1085 1739 1200 1807 eodem

183 1858 250 1922 loco
281 1856 336 1922 ubi
366 1856 475 1920 Dionis
506 1855 610 1920 amicis
644 1855 771 1918 consilia
801 1853 862 1918 dat.
910 1855 1080 1919 Memorata
1111 1859 1200 1924 tristi

183 1976 292 2039 Dionis
324 1975 404 2038 vitae
438 1974 539 2052 exitu,
576 1973 649 2036 haec
680 1972 819 2056 subjicit,
855 1995 884 2056 p.
917 1975 982 2037 334
1012 1971 1056 2037 O:
1095 1980 1199 2043 Ταῦτ’

182 2092 291 2175 είρωσοιι
321 2093 422 2157 ποίνποι
451 2100 504 2166 τῆς
535 2089 705 2169 ξυμβουλῆς
735 2086 820 2155 ἕνεκα
849 2096 905 2155 πῶν
936 2090 1074 2156 Διωνείων
1097 2093 1200 2173 φίλων

183 2211 232 2276 κοί
256 2209 421 2290 ἕυργενῶν·
452 2209 643 2288 ξυμβουλεύω
672 2209 702 2275 δὲ
732 2209 765 2284 διί
796 2233 825 2275 πι
857 2208 889 2293 (l.
913 2207 966 2293 ἔτι)
989 2208 1056 2288 πρὸς
1081 2207 1199 2285 τούτοις

183 2332 236 2404 τὴν
269 2332 361 2405 aricio
394 2328 562 2408 ξυμβουλὴν
595 2329 645 2394 acti
677 2329 766 2408 λόγον
804 2328 852 2393 τὸν
886 2329 974 2393 adada
1006 2327 1104 2404 λόγων
1141 2331 1198 2406 ἤδη

182 2450 274 2529 σρίπον
307 2449 410 2530 τρίτοις
444 2449 527 2528 ὑμῖν·
566 2449 608 2525 μὲι
641 2448 804 2514 δουλοῦσθαι
843 2448 980 2512 Σικελίοιν
1015 2448 1064 2512 ὑπ’
1087 2449 1197 2529 ἄνθρωε

184 2592 246 2641 ποις
277 2567 345 2645 μηδ
375 2564 470 2642 σίλλων
499 2566 601 2641 πόλιν,
637 2563 655 2631 θ
678 2568 709 2643 γ’
732 2565 801 2641 ε’μδς
830 2564 935 2649 λόγος,
967 2565 1036 2630 ἀλλ’
1060 2564 1118 2629 ὑπὸ
1150 2567 1199 2633 νό·

182 2705 263 2764 μοις·
309 2684 375 2751 οὔτε
408 2685 467 2763 adp
488 2691 560 2757 σοῖς
593 2682 787 2760 δουλουμένοις
820 2682 887 2749 οὔτε
922 2689 982 2755 σοῖς
1015 2682 1196 2751 δουλωθεῖσιν

182 2804 315 2884 ἄμεινον,
348 2807 446 2877 σιθποίς
476 2802 525 2868 aa}
556 2803 640 2868 ποιισί
669 2802 777 2867 ποιιδων
807 2801 836 2867 ι)
858 2801 999 2883 ἐκγόνοις,
1035 2803 1108 2865 ἀλλ’
1131 2804 1197 2868 όλε·

182 2925 251 3005 θριος
282 2921 398 2994 πόντος
429 2923 446 2996 ἡ
477 2927 580 3000 πεῖρον·
612 2919 720 3001 σμικροί
750 2918 780 2983 δὲ
809 2918 859 2984 ιιοιί
891 2918 1062 3000 ἀνελεύθερα
1084 2924 1197 2999 ψυχῶν
1227 2980 1230 2986 .

183 3041 233 3117 ἤθη
267 3040 308 3106 rat
341 3045 465 3105 ποιοιῦποι
500 3037 640 3120 σίρποθζειν
679 3037 759 3118 κέρδος
801 3042 901 3120 Φιλεῖ,
945 3036 1022 3102 οὐδὲν
1061 3042 1118 3101 πῶν
1151 3039 1196 3110 είς

182 3161 231 3225 πδν
265 3158 369 3224 ἔπεισιν
402 3158 451 3222 κοιί
486 3159 525 3230 είς
558 3159 607 3222 σόν
638 3157 769 3235 ποιρόνποι
799 3156 892 3237 κοιιρθν
922 3156 1040 3233 dacter
1071 3155 1121 3220 κιοί
1152 3155 1194 3221 δι·

183 3278 270 3343 κωίων
306 3275 421 3351 είδθποι,
456 3277 534 3340 θθων
567 3299 601 3340 τε
630 3274 679 3338 aa}
710 3274 895 3353 οίνθρωπίνων.
941 3279 1051 3338 Τοιῖιποο
1081 3277 1194 3352 πρῶτον

183 3398 236 3475 μὲν
259 3396 357 3460 Δίωνος
379 3395 436 3472 aaa
466 3393 645 3474 ἐπεχείρουν
674 3393 795 3474 πείθειν,
826 3391 952 3470 δεύτερον
974 3390 1003 3454 δὲ
1027 3390 1193 3466 Διονύσιον,

181 3517 290 3597 τρίτους
313 3513 432 3592 tapeta
455 3519 520 3587 νῦν,
555 3513 606 3576 nat
627 3535 674 3590 μοι
705 3511 835 3575 πείθεσθε
859 3510 926 3583 Διδς
949 3508 1043 3592 πρίνου
1066 3517 1192 3591 σωτῆρος

179 3635 284 3717 χοίριν,
323 3628 390 3698 εἶπ’4
406 3633 447 3704 είς
481 3632 624 3697 Διονύσιον
656 3629 828 3710 βλέφοινπες
864 3627 912 3692 nat
948 3627 1062 3701 Δίωνος,
1105 3623 1144 3691 ὧν
1178 3629 1193 3693 ὁ

179 3752 233 3832 μὲν
261 3753 303 3830 μὴ
333 3749 496 3828 πειθόμενος
526 3748 560 3833 ζῇ
591 3750 632 3814 τίς
662 3755 709 3813 νῦν
740 3749 771 3812 οὐ
801 3753 914 3830 κωλιῖις,
939 3747 952 3810 o‘
975 3746 1004 3811 δὲ
1027 3744 1193 3824 πειθόμενος

179 3870 295 3946 τέθνηκε
318 3876 424 3942 κοολῶς.

225 3989 346 4053 Referta
368 3988 443 4052 haec
467 3994 540 4051 sunt
563 3986 689 4070 potticis
706 3983 909 4060 dictionibus,
931 3991 967 4048 ut
981 3988 1037 4049 πῶν
1052 3984 1194 4071 Διωνείων
