2746 4950
582 354 620 414 27

98 563 176 625 infra
207 563 238 625 in
271 560 428 624 tractanda
456 559 584 643 epistola
607 559 671 622 VII
694 559 843 622 nonnulla
866 557 984 620 addam.
1031 555 1103 619 Non

98 680 195 742 aliena
225 679 348 762 quidem
379 677 453 741 talia
476 684 549 740 sunt
571 701 589 739 a
611 677 755 754 Platone3
783 683 887 740 contra
910 698 1014 738 omnes
1039 675 1102 737 eius

98 798 231 881 dialogi,
262 797 391 860 maxime
421 803 522 859 autem
551 795 622 860 libri
650 794 687 858 de
718 794 852 879 Legibus
875 795 955 879 piam
979 793 1102 856 deorum

97 916 295 979 reverentiam
318 938 389 1000 prae
413 937 444 977 se
466 914 584 991 ferunt;
610 913 663 976 sed
686 920 720 976 ut
742 912 785 976 ibi
808 913 880 976 talia
903 912 984 975 dicta
999 918 1104 996 sponte

98 1058 114 1098 e
145 1058 177 1098 re
210 1041 281 1098 nata
315 1040 346 1097 et
380 1032 532 1116 loquentis
568 1054 604 1095 ex
639 1032 739 1096 auimo
774 1031 945 1116 profluunt,
982 1031 1024 1092 ita
1056 1029 1105 1092 bic

99 1153 234 1236 quaesita
256 1159 287 1216 et
312 1151 452 1214 consulto
474 1150 629 1213 inculcata
652 1159 734 1213 sunt.

141 1270 226 1333 Haec
257 1269 376 1354 aliaque
404 1268 436 1333 id
459 1291 556 1353 genus
580 1291 633 1353 per
656 1290 759 1331 omnes
784 1266 926 1352 epistolas
954 1274 1028 1330 sunt
1050 1265 1105 1327 dif-

97 1391 182 1464 fusa,
215 1394 307 1471 atque
337 1394 477 1464 eatenus,
502 1387 573 1450 licet
596 1386 692 1450 forma
715 1395 745 1448 et
768 1387 867 1470 specie
891 1386 952 1448 sint
975 1357 1104 1447 dissimi-

96 1507 158 1583 les,
183 1512 342 1589 cognatam
365 1513 468 1569 tamen
491 1504 639 1588 originem
663 1503 806 1589 produnt.

141 1625 275 1689 Maxime
297 1647 368 1688 vero
391 1624 569 1708 scriptorem
596 1623 698 1708 arguit
724 1623 822 1686 stilus.
873 1620 941 1684 Hac
964 1621 995 1684 in
1020 1628 1104 1705 parte

100 1744 160 1806 etsi
195 1743 338 1829 epistolae
370 1743 562 1826 aliquantum
596 1742 676 1805 inter
711 1765 742 1805 se
773 1741 903 1817 distant,
942 1748 1042 1803 tamen
1074 1740 1103 1802 in

95 1862 214 1925 cunctis
238 1861 372 1925 cernitur
395 1860 570 1924 Platonicae
597 1859 743 1923 orationis
772 1859 900 1944 effigies,
931 1858 977 1921 vel
1002 1859 1104 1942 potins

95 1979 208 2057 dicam,
242 1977 367 2043 εἴδωλον.
415 1977 538 2062 Ubique
573 1978 719 2062 elegantis
744 1986 774 2042 et
806 1959 930 2041 ornatae
958 1977 1100 2040 dictionis

94 2097 179 2161 illius
210 2097 337 2181 vestigia
360 2119 522 2180 agnoscere
544 2097 602 2161 tibi
632 2097 769 2174 videare,
793 2097 942 2181 imprimis
966 2096 1103 2180 copiam,

95 2214 344 2299 amplitudinem,
368 2215 547 2306 gravitatem
570 2224 634 2279 tam
657 2215 690 2279 in
711 2215 868 2279 sententiis
886 2237 977 2298 qnam
992 2214 1024 2277 in
1042 2236 1104 2277 ver-

96 2335 160 2412 bis,
185 2355 240 2397 nec
263 2332 362 2396 ullum
385 2333 473 2397 facile
496 2333 644 2418 scriptum
666 2334 815 2418 reperias,
839 2333 871 2396 in
888 2355 949 2416 quo
965 2332 1103 2396 Platonis

95 2451 191 2516 oratio
232 2451 336 2514 multis
369 2451 504 2536 partibus
545 2452 716 2515 accuratius
757 2452 798 2516 sit
837 2474 977 2536 expressa
1012 2472 1103 2534 quam

94 2573 128 2635 in
157 2569 297 2655 Epistola
326 2568 399 2632 VH.
446 2568 530 2634 Haec
561 2570 731 2634 similitudo
762 2570 832 2634 talis
864 2577 909 2633 est
940 2576 976 2633 ut
1001 2568 1103 2633 minus

95 2695 248 2752 attentum
278 2688 420 2751 lectorem
451 2688 554 2751 fallere
578 2689 690 2773 possit,
715 2689 762 2752 uti
785 2711 888 2752 revera
911 2687 1103 2751 doctissimos

96 2805 213 2892 jndices
245 2813 276 2868 et
306 2811 464 2869 emunctae
502 2807 596 2898 naris⁴
615 2806 734 2870 criticos
765 2807 890 2883 fefellit3
916 2815 948 2869 at
978 2805 1103 2890 propius

97 2925 231 2989 intuenti
253 2924 345 2988 facile
365 2932 490 3009 apparet
519 2947 581 2988 non
612 2948 718 2989 verum
741 2948 805 2989 esse
829 2925 960 2988 colorem
984 2924 1037 2987 sed
1060 2925 1074 2987 f
1095 2962 1105 2971 -

99 3051 219 3120 catum,
243 3065 305 3107 non
328 3042 486 3128 proprium
509 3051 651 3108 ornatum
682 3044 735 3108 sed
759 3044 927 3121 adscitum3
963 3043 1105 3107 dictionis

98 3164 213 3246 figurae
241 3169 270 3226 et
294 3169 488 3240 ornamenta,
513 3185 591 3246 qnae
614 3163 646 3226 in
669 3163 735 3248 ipso
753 3136 886 3227 ¹Platone
909 3185 998 3247 parce
1021 3161 1106 3226 adhi-

97 3281 162 3345 bita
192 3281 313 3366 placent
344 3288 375 3344 et
405 3282 571 3345 orationem
601 3281 796 3358 illuminant,
831 3283 863 3346 in
894 3282 951 3345 hac
979 3281 1107 3366 epistola

95 3407 208 3464 temere
237 3407 267 3463 et
289 3399 451 3462 immodice
475 3399 569 3463 effusa
592 3400 731 3485 ineptum
754 3400 890 3486 produnt
914 3400 1105 3483 argutiarum

97 3519 272 3604 aucupium.
312 3517 440 3612 Accedit
463 3518 546 3603 quod
569 3518 682 3582 flumen
706 3526 736 3582 et
759 3518 847 3603 copia
875 3518 1019 3582 orationis
1044 3525 1106 3581 tur-

98 3638 189 3701 batur
211 3637 316 3701 crebro
338 3637 495 3722 implicitis
518 3637 676 3701 sententiis
700 3644 731 3702 et
745 3638 888 3702 inanibus
905 3637 1102 3722 ambagibus,

97 3755 210 3840 passim
241 3755 331 3818 etiam
362 3755 588 3818 contaminatur
617 3755 715 3819 verbis
739 3763 769 3819 et
788 3756 943 3841 juncturis
967 3778 1045 3839 quae
1068 3756 1105 3820 ab

99 3875 201 3938 Attica
213 3873 346 3959 puritate
363 3880 393 3938 et
409 3897 511 3938 asano
520 3873 637 3959 jndicio
654 3875 828 3939 abhorrent.
853 3875 891 3939 In
907 3875 990 3939 omni
1004 3882 1106 3939 autem

96 3992 150 4055 illo
185 3991 331 4055 orationis
366 3999 476 4064 ornatu
511 4000 541 4056 et
576 3994 664 4078 copia
697 3993 888 4058 desideratur
918 3994 1008 4078 plane
1038 4001 1105 4056 tum

42 4106 45 4113 ’
98 4110 250 4183 dilucidus
278 4111 497 4203 cogitationum
527 4112 616 4193 ordo,
646 4120 711 4179 tum
736 4112 906 4180 Socraticus
933 4112 985 4180 ille
1008 4113 1103 4202 lepor,
