2746 4950
643 350 706 410 220

176 557 247 621 culo
278 557 377 636 tertio)
416 556 566 619 ferrentur
596 557 750 629 Πλάτωνος
780 559 934 639 διαιρέσεις
970 568 1102 649 spurias
1124 592 1197 648 esse;

177 676 384 762 Philoponus‚
415 676 469 758 qui
499 675 638 739 ducentis
662 677 793 762 amplius
808 681 902 744 annis
918 691 999 766 post
1015 687 1115 765 vixit,
1133 689 1199 754 dicit

177 793 289 859 librum
325 794 461 857 Platonis
493 794 549 856 hoo
581 795 675 858 titulo
706 819 744 859 ne
776 805 897 863 exstare
934 803 1093 886 quidem;
1118 808 1198 874 ambo

177 915 307 998 denique
331 913 485 998 probabile
509 913 699 989 existimant,
719 915 869 996 διαιρέσεις
885 919 1077 987 referendas
1090 927 1199 990 essead

177 1033 218 1097 τὰ
240 1031 370 1112 ἄγραφα
391 1031 548 1107 δόγματα,
568 1053 645 1114 quae
663 1032 843 1097 Aristoteles
858 1035 999 1117 (aliusve
1012 1042 1198 1127 auditorum)

178 1175 194 1216 e
225 1149 361 1214 Platonis
392 1148 503 1213 sobolis
533 1150 739 1234 excerpsisset.
785 1151 945 1219 Ultimum
979 1158 1045 1223 hoc
1078 1172 1198 1246 apparet

179 1294 195 1334 e
218 1272 391 1356 conjectura
413 1269 502 1354 poni,
535 1269 617 1333 unde
640 1269 716 1334 effici
740 1280 858 1356 potest,
883 1275 1022 1358 opinor,
1055 1294 1196 1345 neutrum

177 1389 300 1453 illorum
320 1388 485 1465 librorum,
510 1409 565 1452 nec
584 1388 729 1467 διαιρέσεις
751 1411 851 1473 neque
875 1392 1019 1477 ἄγραφα
1039 1398 1195 1478 δόγμασι,

178 1508 240 1572 illis
263 1508 420 1592 cognitum
443 1507 546 1571 fuisse.
667 1576 673 1584 ,

223 1625 403 1691 Brundisius
425 1627 466 1710 (p.
487 1628 538 1709 12)
561 1625 704 1709 opinatur
720 1627 917 1692 Aristotelem
936 1639 1010 1704 ταῖς
1032 1633 1195 1715 διαιρέσεσιν

180 1747 350 1832 intelligere
383 1745 496 1809 librum
526 1767 545 1808 a
574 1767 606 1808 se
636 1745 783 1830 scriptum
805 1745 869 1824 περὶ
892 1749 1057 1834 τάγαθοῦ,
1082 1755 1195 1838 inquo

181 1867 299 1933 scholas
321 1865 458 1930 Platonis
475 1864 663 1950 exposuisset
686 1871 715 1927 et
737 1885 869 1947 quorum
893 1875 1020 1950 partem
1045 1871 1196 1936 efficerent

181 1986 336 2067 διαιρέσεις.
368 1985 407 2049 Id
428 1993 531 2048 tamen
555 2005 591 2047 ex
613 1983 680 2067 ipso
702 1982 795 2046 titulo
819 2005 926 2068 parum
952 1996 1001 2050 est
1025 1990 1194 2073 probabile,

181 2115 212 2172 et
234 2113 388 2192 praeterea
410 2103 520 2167 notitia
541 2101 612 2166 libri
635 2101 697 2180 περὶ
720 2103 853 2178 τάγαθοῦ
876 2103 971 2168 etiam
993 2106 1147 2178 incertior
1163 2121 1196 2175 ct

182 2226 337 2293 obscurior
359 2233 405 2289 est
428 2246 519 2309 qnam
541 2220 702 2305 διαιρέσεις,
727 2228 764 2285 ut
785 2244 857 2285 mox
879 2224 1057 2292 ostendam.

205 2360 208 2365 '
226 2345 395 2410 Suckovius
418 2344 544 2409 eandem
564 2342 757 2427 amplectitur
772 2363 864 2426 quam
880 2341 1062 2410 Alexander
1078 2356 1196 2414 senten·

182 2468 274 2543 tiam,
298 2472 435 2529 statuens
458 2470 524 2534 ταῖς
547 2461 711 2542 διαιρέσεσιν
732 2460 948 2546 intelligendas
979 2486 1047 2529 csse
1060 2466 1197 2552 disputa

182 2586 281 2650 tiones
304 2607 322 2648 a
344 2583 472 2646 Platone
495 2582 527 2645 in
550 2579 661 2645 scholis
685 2579 819 2656 habitas,
836 2600 912 2663 quas
927 2581 1118 2648 Aristoteles
1133 2586 1197 2671 ipse
1242 2657 1243 2660 ρ

183 2703 242 2770 sibi
257 2703 368 2768 chartis
386 2701 568 2767 mandasset.
584 2701 607 2783 Ι)
631 2697 853 2782 contraquam
875 2697 1057 2782 opinionem
1081 2702 1115 2766 id
1131 2712 1197 2768 tau·

184 2836 251 2891 tum
274 2819 574 2888 animadvertendum
603 2817 714 2894 habeo,
737 2816 838 2880 verbis
853 2814 986 2898 καθάπερ
1021 2821 1198 2886 Πλέσωνὲν

184 2953 251 3017 ταῖς
278 2943 428 3023 διαιρέσεσι
453 2938 610 3004 manifeste
640 2935 803 3022 significari
833 2935 948 2999 librum
969 2936 1020 2999 vel
1044 2960 1199 3005 commen·

184 3067 297 3131 tarium
320 3062 457 3127 Platonis
481 3058 602 3124 nomine
626 3055 759 3132 editum,
784 3054 847 3118 sive
871 3055 999 3139 abipso
1024 3066 1108 3122 esset
1130 3083 1199 3145 pro·

186 3189 282 3252 lectus
306 3187 368 3249 sive
392 3182 429 3246 ab
453 3181 555 3264 aliquo
579 3177 754 3242 auditorum
770 3198 786 3239 e
801 3173 939 3259 magistri
955 3175 1069 3240 scholis
1087 3179 1200 3242 confla

186 3315 255 3383 tus3
277 3326 340 3368 non
363 3323 433 3364 vero
456 3296 703 3362 commentarium
727 3294 873 3379 aliquem,
898 3314 989 3377 quem
1014 3295 1199 3362 Aristoteles

188 3450 204 3491 e
226 3423 364 3508 magistri
387 3443 437 3484 ore
462 3425 621 3502 exceptum
641 3436 711 3477 suos
727 3414 760 3477 in
776 3435 852 3476 usus
868 3413 1048 3496 scripsisset.
1086 3413 1159 3480 Hoc
1175 3417 1200 3480 si

194 3589 361 3608 μ’

222 3689 246 3749 l)
264 3686 377 3741 Stickow,
396 3682 473 3731 Ueber
488 3679 527 3729 die
543 3677 605 3727 wios.
623 3692 647 3725 u.
664 3674 753 3724 kunstl.
772 3673 845 3722 Form
862 3672 904 3722 der
920 3672 1016 3721 Platon.
1027 3673 1097 3722 Schr.
1122 3676 1200 3726 Verba

189 3786 240 3835 eius
256 3788 312 3832 suut
328 3782 398 3839 baec,
415 3796 439 3844 p.
456 3776 502 3829 972
520 3774 616 3835 „Dober
633 3771 707 3821 bleibt
724 3787 770 3819 uns
787 3786 833 3819 nur
849 3769 888 3818 dic
904 3768 1029 3818 Annabmc
1047 3770 1136 3834 iibrig‚
1149 3773 1200 3822 dau

190 3881 331 3932 Aristotcles
352 3879 377 3928 in
392 3877 463 3940 jenen
481 3875 578 3925 Worten
597 3870 639 3919 auf
653 3867 790 3917 mundliche
808 3867 925 3928 Vortrtge
942 3863 1041 3913 Platons
1058 3865 1110 3915 und
1132 3868 1198 3917 dabei

190 3977 296 4043 zugleich
320 3976 363 4025 aul
386 3974 450 4023 seina
475 3973 556 4035 eigeue
580 3966 729 4017 schriltliohe
756 3961 936 4025 Aufneicbnung
958 3959 1098 4020 derselben‚
1128 3963 1199 4012 deren

192 4074 320 4126 theilwcise
347 4071 482 4135 Flrhaltung
505 4067 548 4116 wir
580 4067 634 4115 dem
663 4063 782 4127 Diogenes
812 4058 922 4108 Latrtiua
946 4055 1095 4116 verdankem
1122 4058 1201 4125 hingo

192 4172 276 4221 nicaen
293 4167 377 4219 habe.’'
