2746 4950
661 374 722 434 186

185 579 390 656 προτεινόμενον
406 581 428 663 Ι)
450 592 487 662 τῇ
511 587 597 661 ψυχῇ
615 580 695 661 λόγῳ
712 606 746 645 τε
765 582 814 645 καί
833 586 901 646 κατ’
923 584 1003 663 ἔργα
1015 586 1202 664 αἰσθήσεσιν,

184 697 352 772 εὐέλεγκτον
374 698 408 762 τό
430 723 463 762 τε
481 700 638 776 λεγόμενον
660 701 709 763 καὶ
728 700 905 776 δεικνύμενον
924 701 972 765 οἰεί
995 706 1203 785 παρεχόμενον

183 811 316 897 ἕκαστον,
347 818 469 897 οἰπορίας
491 842 525 881 τε
547 818 596 881 καὶ
620 818 772 900 οἰσαφείας
796 819 991 896 ἐμπίμπλησι
1016 823 1146 900 ποόσης,
1168 829 1201 898 ὡς

184 938 250 1007 ἔπος
281 939 386 1011 εἰπεῖν,
418 936 505 1001 πάντ’
535 936 642 1015 ἄνδρα.
672 940 701 1002 ἐν
730 933 783 1002 οἰσι
806 938 859 1014 μὲν
882 935 930 1003 ούν
952 942 1025 1016 μηδ’
1048 943 1202 1022 εἰθισμένοι

185 1056 305 1130 τοίληθὲς
334 1055 427 1135 ζητεῖν
457 1056 543 1132 ἐσμὲν
571 1055 626 1121 ὑπὸ
654 1060 776 1136 πονηροῖς
811 1064 936 1135 τροφῆς,
970 1057 1099 1138 ἐξαρκεῖ
1119 1061 1150 1125 δὲ
1172 1063 1202 1126 τό

185 1175 320 1255 προταθὲν
342 1180 397 1238 τών
419 1174 554 1245 εἰδώλων,
576 1174 868 1257 εὐκαταγέλαοτοιθ)
887 1176 1058 1252 γιγνόμεθα
1082 1180 1200 1244 ὑπόἰλ-

134 1299 164 1362 D
186 1297 298 1377 λύλων,
323 1295 345 1358 οἱ
368 1294 536 1373 ἐρωτώμενοι
560 1293 615 1358 ὑπό
637 1301 693 1358 τών
715 1295 894 1373 ἐρωτώντων,
919 1294 1090 1372 δυναμένων
1114 1299 1145 1363 δέ
1163 1300 1201 1364 τόν

185 1415 312 1491 τέτταρα
344 1413 511 1492 διαρρίπτειν
540 1436 573 1475 τε
604 1413 653 1476 καὶ
678 1414 836 1492 ἐλέγχειν·
861 1414 889 1476 ἐν
911 1407 952 1484 οἷς
970 1413 997 1476 δ’
1009 1413 1049 1478 όον
1068 1416 1106 1480 τὸ
1126 1419 1200 1493 πέμ-

186 1558 256 1598 πτον
273 1532 476 1638 οἰποκρίνασθαι
495 1532 545 1595 καὶ
564 1532 664 1606 δηλοῦν
679 1530 909 1614 οἰναγκώζωμεν,
923 1532 1131 1611 όβουλόμενος
1148 1541 1200 1599 τών

184 1652 342 1728 δυναμένων
372 1651 539 1729 οἰνατρέπειν
568 1658 681 1734 κρατεῖ,
710 1651 759 1716 καί
783 1660 859 1715 ποιεῖ
878 1650 926 1715 τόν
945 1649 1150 1730 ἐξηγούμενον
1172 1655 1199 1719 ἐν

185 1773 281 1849 λόγοις
309 1771 325 1845 ἢ
347 1768 522 1847 γρόμμασιν
544 1770 561 1845 ἦ
583 1770 749 1847 οἰποκρίσεσι
771 1775 830 1839 τοῖς
854 1776 975 1840 πολλοῖς
999 1775 1060 1834 τών
1082 1772 1200 1837 οἰκουόν-

185 1916 241 1955 των
270 1891 357 1954 δοκεῖν
379 1888 465 1966 μηδὲν
488 1883 657 1967 γιγνώσκειν
680 1883 716 1952 ών
739 1886 774 1951 όιν
798 1889 930 1968 ἐπιχειρῇ
949 1888 1083 1970 γροόφειν
1109 1891 1127 1966 ἢ
1151 1890 1199 1955 λε’-

186 2034 264 2094 γειν,
295 2008 470 2086 οἰγνοούντων
499 2008 586 2072 ἐνίοτε
612 2009 649 2080 ώς
671 2009 729 2087 οὐχ
752 2010 768 2082 ἡ
792 2008 878 2086 ψυχὴ
903 2011 954 2071 τοῦ
977 2005 1160 2088 γράψαντος
1183 2010 1198 2084 ἦ

139 2133 166 2196 Ε
189 2130 325 2207 λέξαντος
361 2127 539 2208 ἐλέγχεται,
567 2127 638 2190 ἀλλ’
673 2130 767 2202 ἡτῶν
790 2124 935 2204 τεττοίρων
954 2126 1048 2205 φύσις
1072 2126 1198 2193 ἕκασται

186 2255 336 2330 πεφυκυῖα
359 2246 499 2328 φαύλως.
513 2248 538 2328 ³)
562 2249 579 2321 ἡ
602 2245 631 2310 δὲ
653 2246 700 2309 διόι
723 2243 839 2308 πόντων
860 2246 955 2308 αὐτῶν
968 2244 1125 2322 διαγωγή,
1139 2245 1198 2312 οῖνω

185 2368 234 2433 καὶ
258 2366 337 2432 κόπω
360 2363 583 2443 μεταβαίνουσα
605 2365 654 2446 ἐφ’
679 2361 818 2445 ἕκαστον,
843 2361 931 2440 μόγις
952 2364 1121 2442 ἐπιστήμην
1141 2365 1198 2430 ἐκέ·

187 2615 242 2675 τῶν
273 2612 386 2672 πολλῶν
415 2603 472 2682 ἕξις
499 2613 551 2678 τῆς
581 2610 684 2684 ψυχῆς
714 2601 754 2674 εἰς
780 2627 814 2666 τε
843 2601 876 2666 τό
906 2602 1009 2673 μαθεῖν
1031 2601 1073 2673 εἰς
1097 2627 1134 2666 τε
1157 2604 1199 2668 τοὶ

36 2760 65 2822 p.
90 2737 163 2799 344.
186 2729 334 2806 λεγόμενα
362 2725 412 2800 ἤθη
443 2723 573 2804 πέφυκε,
602 2722 643 2786 τόι
670 2722 699 2786 δὲ
726 2719 910 2802 διέφθαρται,
935 2719 991 2785 οὐδ’
1012 2717 1050 2784 όιν
1075 2723 1198 2799 όΛυγ.

190 3004 239 3037 esse
256 2986 290 3036 nil
307 2986 352 3035 nisi
370 2985 435 3032 veris
451 2982 522 3033 lectio
540 2998 561 3029 v.
578 2985 675 3047 βέβαιον
691 2978 763 3040 (sieut
779 2993 803 3042 p.
821 2977 869 3026 342
886 2977 907 3024 B
924 2992 968 3041 pro
983 2977 1067 3035 ἀληθὲς
1084 2978 1200 3028 nonnulli

191 3084 246 3133 libri
263 3085 369 3142 ἀληθῶς),
388 3096 447 3144 quse
464 3077 547 3128 deinde
564 3076 589 3124 in
607 3079 698 3124 textum
715 3074 782 3122 iilnte
799 3073 839 3122 sit.

225 3182 248 3241 1)
265 3182 356 3243 Jnnge:
374 3183 401 3228 τό
417 3186 461 3228 τῶν
478 3181 595 3243 τεττάρων
611 3176 716 3234 ἕκαστον,
736 3177 905 3240 προτεινόμεηιν
919 3177 949 3228 ri
966 3177 1039 3240 ψυχῇ,
1058 3175 1095 3232 μὴ
1113 3172 1202 3233 ζητού-

191 3297 256 3343 μενον
277 3280 335 3342 λόγῳ
356 3293 383 3324 τε
415 3277 452 3324 καὶ
479 3276 602 3328 αόσθόσεσι.
629 3269 741 3317 Ceterum
765 3282 808 3331 pro
825 3271 993 3333 προτεινόμενον
1009 3263 1064 3312 libri
1083 3264 1127 3313 nlii
1146 3284 1203 3335 πρε·

191 3382 260 3426 τεῖνον
280 3372 319 3420 elii
336 3377 458 3438 πρότερον,
476 3366 593 3431 posterius
611 3364 703 3413 videtur
720 3378 769 3411 esse
787 3378 800 3409 n
817 3360 958 3410 correctoris
975 3375 1054 3408 menn.
1079 3370 1204 3429 προτεῖναι

191 3471 224 3519 sie
247 3472 344 3518 vertunt
362 3467 407 3527 (ed.
429 3465 533 3524 Didot.):
556 3462 629 3521 „dnm
653 3461 732 3508 animo
752 3474 800 3506 non
818 3457 842 3504 id
858 3456 921 3519 qnod
938 3455 1074 3505 sciscitatur
1093 3458 1204 3507 ostendit

194 3572 244 3614 tum
271 3563 349 3612 verbis
373 3557 425 3610 tuni
448 3558 543 3608 rebus.’'
577 3558 642 3623 Ques
665 3556 741 3604 versio
764 3569 806 3604 nee
829 3551 907 3600 verbis
930 3568 972 3600 nec
997 3551 1078 3599 sensui
1103 3568 1205 3617 respon.

193 3663 240 3710 det.
274 3658 371 3707 Correxi
397 3663 563 3725 προτεινόμενον
599 3652 715 3701 Similiter
732 3667 786 3699 mox
806 3652 931 3718 προταθόν,
949 3662 993 3711 pro
1007 3646 1202 3709 quolibrinon·

193 3756 253 3805 nulli
277 3754 338 3803 male
362 3755 477 3820 προτεθόν.
511 3750 598 3798 Nostro
620 3748 673 3797 loeo
694 3745 828 3795 simillimus
851 3748 887 3793 est
908 3742 948 3807 qui
971 3741 1059 3806 legitur
1083 3741 1115 3790 de
1139 3744 1203 3807 Rsp.

194 3853 255 3910 vll,
279 3868 301 3915 p.
325 3851 371 3899 525
394 3850 429 3897 D:
456 3853 493 3898 ἐάν
517 3867 551 3903 τις
568 3849 626 3914 αὐτῇ
642 3847 679 3915 (τῇ
698 3845 766 3913 ψυχῇ)
784 3845 859 3910 δρατὰ
873 3845 888 3897 ἡ
901 3844 967 3891 ἁπτὰ
987 3846 1087 3903 σώματα
1108 3843 1206 3907 ἔχοντας

192 3950 300 4018 ἀριθμοῖς
316 3951 483 4015 προτεινόμενος
500 3944 639 4005 διαλέγηται.
672 3940 710 3988 cf.
728 3940 756 3988 de
774 3939 846 4001 Legg.
863 3936 890 3994 X,
908 3951 931 3999 p.
950 3935 997 3984 895
1015 3933 1045 3984 D.
