2746 4950
604 448 606 454 ,
654 372 716 433 raa

180 607 246 646 eam
269 582 418 645 deductus
442 603 509 643 sum
532 579 732 655 sententiam,
757 600 862 640 omnes
886 558 1023 640 civitates
1047 575 1125 638 male
1148 597 1194 636 or·

182 703 301 765 dinatas
334 707 417 777 esse,
452 699 548 776 λέγειν
568 701 611 761 τ’
638 697 838 779 ἠνανκοίσθην,
871 697 991 760 ἐπαινῶν
1026 695 1077 768 την
1117 694 1193 774 ὀρθὴν

183 819 376 902 φιλοσοφίαν,
407 821 442 889 ὡς
466 819 499 882 ἐκ
520 817 631 891 ταύτης
654 815 715 881 ἐστὶ
739 815 779 880 τοί
802 841 835 879 τε
858 816 995 880 πολιτικοὶ
1019 814 1117 877 δίκαια
1141 811 1192 876 καί

183 939 224 1004 τοὶ
254 945 310 1002 τῶν
344 939 456 1003 ἰδιωτῶν
480 937 580 1002 τοίντα
603 936 743 1017 κατιδεῖν,
767 940 862 999 κακῶν
882 935 906 997 δ’
917 937 947 1000 οὐ
967 931 1063 1008 λήξειν
1081 933 1122 998 τοδ
1142 934 1194 997 σίν-

185 1058 306 1139 θριίτινιι
336 1042 423 1135 γένηζ
455 1057 519 1135 πρὶν
549 1053 585 1119 θον
608 1054 624 1130 ἢ
648 1054 686 1119 τὸ
709 1060 773 1118 τῶν
796 1053 1090 1136 φιλοσοφούντων
1113 1052 1193 1132 ὀρθῶς

186 1201 223 1254 γε
243 1175 321 1261 (rel)
344 1176 393 1239 καί
417 1177 529 1249 σίληθῶο
548 1173 629 1250 γένος
651 1175 700 1246 είς
719 1173 839 1252 οίρχοδς
859 1171 938 1254 ἔλθη
961 1173 1017 1242 τοδς
1040 1171 1193 1242 τολιτιιιοδς

187 1296 203 1371 ἢ
220 1296 256 1358 τὸ
274 1299 339 1359 τῶν
358 1293 643 1358 δυναστευόντων
663 1293 691 1356 ἕν
712 1299 779 1362 ταῖς
803 1290 920 1355 τίλεσιν
943 1290 975 1354 ἔκ
997 1313 1070 1360 τινος
1090 1296 1192 1369 μοίρας

185 1415 262 1484 θείας
284 1410 369 1484 θντως
394 1412 631 1493 φιλοσοφηση.
661 1433 689 1494 p.
711 1412 775 1472 326
796 1411 833 1473 A.
858 1408 943 1472 Haeo
959 1409 1102 1493 cogitatio
1121 1431 1192 1472 eum

186 1532 308 1616 impulit
330 1538 366 1594 ut
388 1531 493 1595 relicta
516 1531 614 1615 patria
636 1531 668 1593 in
691 1529 813 1593 Italiam
837 1530 989 1614 migraret.

230 1650 406 1715 Secundum
429 1650 486 1713 hoe
508 1650 605 1734 igitur
627 1649 835 1712 testimonium
858 1648 946 1711 Plato
970 1655 1039 1732 post
1063 1654 1192 1711 mortem

187 1769 319 1850 Socratis
335 1792 415 1845 non,
434 1776 468 1831 ut
483 1768 575 1852 vulgo
591 1767 754 1843 traditum,
778 1767 883 1830 statim
899 1789 1022 1851 peregre
1040 1766 1192 1850 profectus

189 1896 251 1965 est,
275 1887 329 1951 sed
352 1887 497 1951 remansit
519 1886 649 1950 Athenis
672 1885 704 1948 111
728 1886 842 1971 patria,
867 1892 933 1948 tota
955 1891 1056 1948 mente
1079 1885 1111 1947 in
1135 1883 1193 1946 hoo

189 2007 324 2082 defixus,
357 2004 509 2088 quomodo
541 2005 640 2067 sanari
671 2003 803 2067 civitatis
834 2002 958 2066 morbus
981 2009 1084 2087 posset
1091 2029 1100 2079 3
1132 2024 1193 2085 quo

188 2125 284 2209 magis
319 2131 422 2187 autem
456 2129 555 2187 aetate
588 2131 834 2214 maturesceret„
853 2145 888 2185 eo
917 2121 1032 2185 firmius
1063 2121 1119 2185 hoe
1152 2130 1194 2183 te·

187 2245 273 2322 nuit,
298 2244 397 2307 solum
420 2243 589 2307 remedium
613 2266 675 2306 esse
698 2243 729 2306 in
756 2253 793 2323 τῇ
818 2243 878 2324 ὀρθῇ
902 2241 1079 2324 φιλοσοφίαι
1103 2242 1193 2303 finem

188 2365 337 2427 malorum
353 2363 474 2427 nullum
489 2364 570 2440 lore,
593 2363 652 2426 nisi
668 2363 760 2426 iidem
777 2368 878 2426 essent
893 2362 1075 2445 imperantes
1091 2359 1195 2422 iidem-

187 2488 246 2565 qrie
277 2481 462 2565 philosophi.
509 2481 602 2560 Quod
633 2504 726 2565 quum
749 2483 782 2545 in
806 2482 904 2566 patria
935 2480 1012 2543 effici
1034 2502 1122 2563 posse
1145 2478 1194 2541 de-

187 2609 338 2685 speraret,
371 2601 498 2664 excessit
530 2601 658 2664 Athenis
689 2610 720 2665 et
749 2603 782 2664 in
809 2601 931 2664 Italiam
954 2601 1107 2684 profectus
1131 2607 1192 2676 est,

187 2727 299 2804 putans
323 2720 483 2797 nimirum,
514 2720 557 2783 ihi
588 2721 714 2784 fortasse
737 2721 845 2784 melius
869 2727 1016 2783 moratam
1040 2720 1192 2782 civitatem

184 2862 217 2903 se
240 2839 453 2916 inventurum,
485 2861 563 2922 quae
593 2863 609 2902 e
634 2839 843 2924 philosophiae
865 2839 1033 2922 praeceptis
1057 2837 1190 2901 ordinari

187 2965 298 3043 posset.
323 2957 408 3020 Idem
425 2958 585 3021 eonsilium
605 2957 788 3042 philosopho
806 2959 838 3021 in
859 2957 929 3021 aula
948 2957 1090 3040 Dionysii
1105 2958 1193 3040 profi-

187 3077 311 3140 ciscenti
327 3076 515 3139 obversatum
533 3099 614 3158 esse,
631 3075 770 3161 Epistola
785 3098 848 3139 non
864 3099 926 3139 uno
943 3076 1009 3138 loco
1026 3075 1192 3159 signifieat,

187 3220 216 3279 p.
243 3198 306 3258 328
331 3197 379 3258 A:
403 3195 477 3260 ίίοτε
499 3195 577 3275 είτεο
600 3197 671 3261 τοτὲ
694 3172 743 3259 καὶ
768 3201 814 3259 νῦν
838 3195 920 3265 ἔλτις
945 3198 1030 3258 τοίσα
1054 3196 1194 3259 οίτοτελε-

186 3316 321 3389 σθησεται
344 3321 394 3378 τοῦ
417 3315 498 3387 τοὺς
522 3316 649 3387 αὐτοὺς
674 3308 896 3397 φιλοσόφους
919 3339 957 3378 τε
978 3314 1036 3377 καί
1057 3313 1192 3378 πόλεων

186 3433 368 3513 ἄρχοντας
391 3433 532 3510 μενοίλοον
555 3431 703 3509 ξυμβῆναι
731 3419 915 3509 γενομένους.
948 3441 978 3494 et
1001 3455 1030 3516 p.
1056 3433 1119 3494 335
1144 3431 1190 3493 D:

186 3552 375 3635 „Dionysius
406 3574 546 3648 magnam
569 3551 716 3614 ditionem
740 3550 930 3635 possidebat,
960 3553 988 3614 ἕν
1012 3547 1030 3631 ᾖ
1052 3550 1191 3635 γενομένη

185 3671 387 3750 φιλοσοφία
409 3695 448 3734 τε
470 3668 530 3733 καί
554 3671 700 3746 δύναμις
727 3667 811 3741 ὄντος
835 3671 868 3733 ἐν
891 3670 1029 3749 ταύτῷ,
1053 3669 1098 3732 διθι
1123 3668 1194 3732 τοίν-
1262 3701 1264 3704 >

185 3877 273 3934 νόμιμοι
297 3875 336 3928 ἔθη
360 3887 408 3918 non
428 3870 619 3939 11111γράμμασι
636 3871 735 3933 signata.
771 3870 901 3932 Scripsitne
918 3876 990 3934 νόμων
1005 3874 1139 3937 γράμματα
1157 3872 1194 3920 καὶ

185 3970 242 4027 ἤθη,
267 3965 283 4012 i.
300 3981 320 4012 e.
343 3967 419 4030 ίοηννιι
442 3966 526 4014 literae
542 3971 565 4013 et
582 3964 694 4012 indoles?
723 3967 755 4013 At
772 3965 830 4012 haee
847 3981 940 4028 quoquo
957 3964 1063 4027 quaesita
1081 3969 1116 4012 est·
1135 3964 1196 4012 anti·

186 4060 260 4107 thesis
284 4076 328 4123 pro
350 4077 423 4109 mores
442 4063 465 4108 et
486 4062 554 4124 loyes.
586 4059 679 4108 Similis
699 4059 841 4124 periphrasis
868 4064 904 4108 est
928 4060 953 4108 111
978 4060 1058 4123 spurio
1087 4060 1193 4108 Platonis

186 4155 248 4205 libro
267 4156 375 4222 Epinom.
396 4172 419 4221 p.
437 4154 484 4207 976
505 4155 536 4205 Βι
556 4155 637 4218 δόξης
653 4160 735 4215 θθεσι
751 4162 901 4226 προσέχοντες
917 4159 954 4207 τδν
969 4160 1016 4208 νοῦν
1031 4171 1074 4218 pro
1093 4157 1174 4219 δόξαις.
