2746 4950
663 367 703 426 98

183 572 320 649 ὀνείρατος
350 573 484 650 γέγονεν,
513 568 592 645 εἶπες
623 574 652 637 δὲ
674 573 723 639 καὶ
747 572 823 650 μαλ’
844 571 1006 644 οῖπλοίσπως
1028 575 1147 649 γελῶν,
1174 571 1200 635 ai

132 744 137 762 χ
181 692 333 769 με’μνκμαι
363 694 399 764 ὥς
431 693 617 757 παιδευθέντα
640 717 679 768 με
702 693 830 762 ἐκέλευες
853 697 941 755 ποιεῖν
964 690 1067 755 ποίντα
1091 695 1199 755 ταῦτα

181 811 198 886 ἢ
222 811 263 887 μὴ
286 817 390 876 ποιεῖν.
411 810 510 892 Ἔφκν
536 811 593 886 ἐγὼ
615 809 763 902 κοίλλιστα
786 814 980 887 μνημονεῦσαι
1004 832 1047 872 σε.
1077 811 1197 873 Οὐκοῦν

181 929 386 1004 παιδευθέντα,
418 929 544 1012 idacios,
576 936 766 1009 γεωμετρεῖν,
791 928 808 1004 a
829 934 906 1003 ποῖος
936 929 1026 1003 uara
1047 927 1083 992 τὸ
1112 927 1198 1005 μετοδ

179 1055 280 1114 ταῦτα
302 1045 315 1112 ὃ
338 1050 418 1130 ἐπῄει
441 1071 488 1124 μοι
510 1051 599 1113 εἰπεῖν
622 1050 671 1113 οὐκ
694 1043 789 1125 εἷπον,
808 1046 989 1128 φοβούμενος
1008 1049 1050 1123 μὴ
1069 1051 1197 1126 σμικροῦ

177 1168 304 1246 ῥήματος
333 1165 417 1231 ἕνεκα
445 1168 494 1232 τδν
523 1165 645 1232 ἔκπλουν
672 1166 701 1231 ὃν
731 1166 921 1247 προσεδόκων,
947 1168 990 1243 μή
1008 1185 1063 1243 ’μοι
1089 1166 1195 1237 στενὸς

180 1284 211 1369 (l.
235 1285 342 1369 στένος)
365 1286 492 1363 γίγνοιτο
516 1288 580 1350 ἀντ’
602 1284 787 1365 εὐρυχωρίας.

114 1391 115 1394 “
165 1410 169 1437 ’
223 1402 261 1466 In
286 1403 383 1467 verbis
409 1403 480 1467 αὐτὸ
503 1408 644 1468 τοῦτο...
675 1401 756 1482 μόνον
787 1408 832 1465 est
857 1400 996 1465 affectata
1019 1400 1177 1485 emphasis
1183 1427 1194 1479 ;

179 1543 268 1585 nemo
291 1528 369 1585 certe
393 1520 575 1585 desideraret
597 1519 780 1584 vocabulum
800 1520 891 1598 μόνον,
916 1520 941 1583 si
957 1519 1086 1583 abesset.
1114 1519 1192 1584 Ver-

181 1641 304 1717 borum,
320 1640 356 1705 σὺ
369 1640 397 1704 δὲ
412 1639 460 1704 καί
476 1639 552 1717 μιίοί
567 1639 707 1719 οίπεκρίνω
720 1639 928 1716 μεμηνιμένως,
942 1638 1079 1721 quaesita
1096 1646 1195 1704 struc-

179 1766 248 1822 tura
277 1765 323 1823 est
353 1761 424 1842 (quo
448 1780 556 1843 genere
581 1758 737 1823 abundant
759 1758 816 1822 hac
839 1756 995 1842 epistolae)
1025 1779 1081 1842 pro
1107 1759 1147 1822 σύ
1168 1758 1194 1822 δ’

178 1877 334 1959 οῖπεκρίνω,
357 1878 406 1942 καῖ
429 1876 517 1949 μοίλα
531 1876 739 1956 μεμηνιμένως.
769 1875 911 1940 Ceterum
927 1875 1098 1939 sufficiehat
1117 1882 1193 1941 sane

181 2017 276 2058 uuum
307 1996 493 2077 ὑβριστικῶς;
525 2002 627 2059 noster
657 1995 746 2058 solita
772 1994 1000 2078 exaggeratione
1024 1992 1114 2063 addit
1138 2019 1193 2073 με·

180 2115 353 2196 μκνιμὲνως,
378 2114 559 2179 vocabulum
587 2115 738 2191 insolens,
763 2136 858 2198 aeque
882 2136 915 2178 ao
938 2112 1064 2178 verbum
1076 2114 1192 2189 μηνίειν

180 2231 368 2318 pedestribus
390 2233 586 2318 scriptoribus
609 2233 799 2298 inusitatum.
832 2230 940 2316 Neque
964 2231 1021 2294 hoo
1044 2231 1092 2296 illi
1115 2233 1191 2297 satis

170 2350 317 2436 uidetur,
349 2351 401 2415 sed
428 2352 606 2437 interposita
630 2352 803 2438 parenthesi
825 2350 873 2435 (de
897 2373 958 2434 qua
979 2352 1061 2436 mox)
1085 2351 1190 2416 addit:

181 2466 260 2542 εἶπες
283 2469 383 2534 δὲκαὶ
406 2468 480 2546 μαλ’
502 2469 664 2543 οίπλοίσπως
687 2476 791 2549 γελῶν.
839 2468 922 2550 Quid
950 2469 1008 2534 sibi
1031 2469 1112 2534 velit*
1131 2471 1192 2535 hoc

180 2589 248 2653 loco
270 2589 450 2653 vocabulum
470 2589 648 2666 οίποιοίστως,
670 2591 817 2675 conjicere
837 2588 958 2653 difficile
977 2595 1037 2653 est:
1063 2590 1192 2675 proprio

181 2707 330 2790 significat
357 2729 413 2770 aaa
431 2709 551 2790 fictam,
583 2731 640 2772 aaa
656 2709 810 2794 fucatam,
836 2707 866 2770 h.
891 2730 916 2770 e.
944 2707 1094 2770 sinceram.
1147 2710 1191 2771 At

178 2826 287 2889 aiacem
317 2827 400 2889 ναίον
428 2826 526 2890 rideas
551 2849 613 2890 non
636 2826 776 2890 convenit
799 2832 877 2888 certe
901 2823 1055 2909 scriptoris
1078 2826 1190 2890 monti.

180 2941 263 3006 Num
293 2943 455 3015 οίπλοίσπως
486 2943 562 3008 dixit
591 2966 645 3029 pro
667 2945 822 3026 οίνροικιῖς,
846 2943 971 3020 incidie,
995 2947 1123 3024 αρνοιία,
1150 2966 1191 3007 an

178 3062 256 3125 forte
279 3083 361 3125 error
384 3070 430 3125 est
451 3061 566 3126 librarii
581 3062 744 3133 ιῖπλοίστως
760 3061 917 3125 scribentis
938 3082 992 3145 pro
1008 3061 1173 3135 ἀπλήστως
1179 3110 1188 3139 ,

179 3181 208 3244 h.
234 3203 258 3244 e.
283 3181 509 3258 insatiabiliter,
533 3181 620 3266 φαεν
643 3179 768 3244 ridens?
802 3179 870 3243 Hoc
893 3178 981 3243 facile
997 3160 1137 3243 adducor
1154 3188 1192 3244 ut

130 3360 132 3369 ,
154 3304 157 3309 “
181 3299 317 3376 credam,
334 3321 519 3383 quamquam
533 3299 788 3363 accommodatius
800 3298 980 3362 vocabulum
991 3298 1091 3362 fuerat
1102 3299 1191 3382 quod

179 3418 217 3481 de
248 3417 322 3503 Rep.
351 3418 385 3495 I,
413 3441 443 3503 p.
473 3419 535 3482 337
564 3419 610 3496 A,
639 3417 676 3482 de
706 3416 929 3502 Thrasymacho
962 3416 1090 3480 dicitur:
1122 3418 1191 3482 σίνε-

180 3538 321 3619 aimari
338 3562 372 3603 τε
394 3537 483 3613 μοίλα
502 3535 641 3617 σαρδίνιον
659 3537 709 3601 καῖ
729 3533 816 3601 εἶπεν.
844 3536 1003 3600 Βαταναίαν
1019 3536 1097 3598 νιέωε
1113 3534 1191 3600 dici·
1224 3552 1226 3556 “

179 3663 230 3718 tur
254 3655 342 3718 fictus
372 3662 402 3718 et
435 3655 652 3720 amarulentus.
691 3655 750 3720 Sed
781 3653 856 3738 quid
884 3654 941 3718 sibi
963 3654 1071 3718 volunt
1094 3654 1191 3719 verba

178 3775 211 3837 in
241 3773 414 3859 parenthesi
445 3775 561 3860 posita,
594 3775 633 3839 διὸ
665 3775 696 3840 τὸ
727 3775 794 3840 τότε
818 3798 859 3838 σοι
882 3771 1013 3855 ὕβρισμα
1036 3778 1083 3838 νῦν
1108 3771 1189 3854 ὕπαρ

176 3895 240 3958 ἄντ’
264 3892 403 3973 ὀνείρατος
426 3893 562 3970 γέγονενς
584 3892 684 3973 ’Ὗπαρ
699 3895 763 3958 ἀντ’
778 3895 916 3973 ὀνείρατος
933 3892 1084 3977 significat
1100 3892 1187 3975 quod

179 4033 215 4074 ex
246 4009 382 4102 obscuro!
405 4010 439 4074 fit
461 4012 594 4089 clarum,
619 4012 741 4095 quando
766 4035 781 4074 e
804 4010 937 4075 tenebris
960 4010 1012 4073 lux
1037 4010 1186 4074 exoritur.

175 4127 267 4192 Polit.
293 4152 322 4213 p.
348 4131 411 4194 278
436 4129 479 4192 E:
503 4127 536 4194 ἵν’
554 4128 630 4208 ὕπαρ
650 4129 943 4209 ἀντ’ῖνείρασοςὴμῖν
956 4129 1106 4207 γίγνηται.
1131 4128 1188 4192 Di·
