2746 4950
473 316 636 381 ‘17

35 570 36 573 ,
114 525 266 608 profectae
285 527 324 610 ¹);
348 525 536 610 probabilius
561 535 661 588 tamen
685 533 747 588 tam
772 525 809 588 ob
834 526 912 588 banc
928 527 1024 610 ipsam
1040 528 1121 590 simi-

113 644 390 729 litudinem‘quam
415 644 453 708 0b
477 645 712 729 discrepantiam
736 645 954 709 nonnullarum
970 648 1136 739 partium,

59 841 74 864 0
113 786 162 826 eas
186 763 313 826 diversis
338 756 499 848 opificibus
522 786 586 827 esse
602 762 894 828 tribuendas'aetate
910 788 972 828 non
988 765 1120 832 multum

112 882 315 960 distantibuS,
341 903 471 967 quorum
496 859 677 967 posteriores
704 883 833 966 primam
857 885 1016 968 epistolam
1034 884 1119 968 (VH)

111 1001 254 1086 supplere
280 1011 310 1065 et
333 1002 517 1087 amplificare
541 1001 599 1066 sibi
630 1004 852 1086 proposuerint.

64 1222 92 1325 ⁸,
157 1237 183 1300 E
215 1237 338 1322 reliquis
371 1239 503 1323 primum
532 1238 565 1302 in
597 1260 721 1302 censum
752 1239 880 1302 veniunt
903 1238 1059 1324 Epistolae
1083 1241 1118 1318 I,

74 1390 91 1407 ι·
113 1357 165 1435 Π,
190 1356 272 1420 ΧΠΙ
295 1365 325 1420 et
348 1356 394 1420 IV
403 1408 411 1435 ,
437 1380 566 1441 quarum
589 1366 650 1420 tres
674 1359 787 1442 priores
810 1359 973 1443 inscriptae
994 1369 1066 1423 sunt
1082 1359 1119 1422 ad

82 1558 88 1571 ,
113 1465 310 1560 Dionysium,
335 1476 444 1539 ultima
467 1477 505 1539 ad
528 1476 668 1539 Dionem.

147 1593 276 1658 ‘Harum
308 1566 448 1679 Epistola
479 1594 513 1657 Π
536 1595 649 1670 forma,
673 1594 773 1657 colore
797 1602 828 1658 et
851 1604 1030 1680 argumento
1052 1619 1119 1680 pro·

112 1696 221 1791 xime,
235 1713 292 1776 etsi
314 1712 398 1775 haud
422 1735 513 1797 parvo
536 1712 713 1790 intervallo,
739 1714 855 1777 accedit
878 1714 914 1777 ad
940 1713 1013 1778 VII.
1038 1685 1119 1777 Nam

112 1840 149 1895 ut
180 1831 249 1909 III,
280 1830 344 1895 VH
371 1839 401 1894 et
423 1831 522 1910 VHI,
547 1832 590 1894 ita
612 1832 687 1894 haec
715 1854 837 1916 quoque
860 1832 980 1916 longior
1003 1841 1065 1910 est,
1091 1842 1120 1896 et

111 1951 203 2033 stilus
231 1973 333 2013 earum
361 1957 482 2014 tantum
506 1950 601 2013 distat
628 1950 665 2013 ab
697 1940 1027 2036 epistolari‘soribendi
1049 1953 1120 2016 rati-

113 2093 190 2148 one,
223 2077 258 2133 ut
281 2072 312 2133 in
336 2093 385 2133 eas
410 2093 513 2134 omnes
537 2071 666 2154 quadret
688 2070 720 2132 id
744 2070 827 2153 quod
850 2070 1016 2155 Dionysius
1036 2070 1120 2134 Hali·
1169 2093 1172 2100 ·

113 2189 316 2251 carnassensis
340 2188 415 2252 dicit
435 2188 492 2271 (De
508 2189 537 2250 vi
554 2188 611 2251 dio.
630 2187 788 2262 Demosth.
806 2212 835 2272 p.
855 2191 969 2274 1027),
983 2189 1119 2253 Platonis

113 2305 256 2390 epistolas
280 2305 382 2389 potius
406 2305 603 2390 appellandas
625 2329 688 2370 esse
710 2307 885 2386 δημηγορίαις
902 2329 994 2390 quam
1011 2307 1119 2391 episto-

112 2425 174 2488 las:
207 2447 310 2488 0mnes
334 2424 463 2509 scriptae
487 2422 564 2488 sunt*
582 2447 644 2488 non
667 2432 703 2489 ut
726 2448 743 2488 a
766 2425 907 2488 familiari
930 2425 968 2488 ad
990 2426 1118 2489 familia-

112 2567 194 2621 rem,
219 2542 273 2606 sed
295 2543 389 2607 veluti
413 2543 580 2606 destinatae
596 2544 679 2606 utin
695 2543 854 2628 publicum
870 2544 1039 2609 ederentur.
1065 2548 1134 2612 Ara

112 2669 293 2746 gumentum
326 2668 428 2724 autem
455 2661 610 2745 Dpistolae
634 2660 667 2723 Π
704 2662 729 2724 si
764 2668 897 2746 spectes,
923 2662 983 2726 tale
1007 2674 1053 2726 est
1083 2674 1119 2726 ut

112 2802 237 2865 prorsus
260 2802 276 2843 e
298 2778 363 2842 VII
386 2780 573 2864 profluxerit.
599 2778 687 2859 Quae
703 2781 736 2843 in
750 2780 808 2843 hac
831 2779 977 2844 dicuntur
999 2781 1037 2844 de
1053 2805 1119 2866 pro-

112 2899 243 2962 fectione
273 2899 306 2961 in
337 2898 437 2962 aulam
461 2898 617 2983 Dionysii,
646 2898 683 2962 de
706 2899 820 2962 invidia
843 2900 1028 2989 aulicorum,
1052 2910 1118 2965 tum

113 3017 151 3080 de
174 3016 314 3102 Dionysii
341 3016 551 3102 philosophiae
575 3018 678 3082 studio
705 3018 803 3102 deque
826 2999 1000 3084 libellis'ab
1022 3043 1057 3084 eo
1081 3020 1118 3084 de

112 3136 305 3220 philosophia
328 3136 375 3199 vel
399 3136 550 3200 derebus
575 3136 706 3221 politicis
735 3137 841 3214 editis,
867 3137 904 3201 de
931 3146 1041 3202 natura
1065 3147 1117 3212 τῆς

112 3255 289 3332 ἐπιστήμης,
322 3255 359 3319 de
390 3254 600 3339 philosophiae
631 3254 750 3338 placitis
779 3255 912 3319 celandis
944 3279 999 3320 neo
1022 3239 1117 3320 literis

111 3372 291 3436 mandandis
304 3380 357 3437 aut
370 3372 573 3457 divulgandis,
591 3381 699 3451 cetera,
719 3396 753 3436 ea
765 3374 866 3437 omnia
882 3375 914 3437 in
929 3374 1068 3459 Epistola
1083 3375 1116 3438 Il

112 3491 221 3574 partim
245 3490 366 3554 brevius
390 3497 575 3574 tanguntur,
599 3491 711 3576 partim
734 3491 886 3574 copiosius
902 3500 1116 3556 contexuntur.

110 3609 253 3673 Ceterum
275 3632 376 3674 rerum
400 3609 535 3672 ordinem
555 3617 585 3673 et
607 3610 712 3673 stilum
736 3610 761 3672 si
784 3610 940 3688 attendas,
958 3619 1117 3676 estrevera

109 3729 228 3812 farrago
252 3728 437 3792 discordium
460 3751 578 3806 rerum,
603 3736 634 3792 et
657 3751 734 3812 quae
750 3728 787 3793 de
803 3729 997 3814 philosophia
1012 3730 1129 3796 dicun,

145 4021 170 4081 l)
188 4020 226 4068 lta
243 4021 358 4082 putarunt
376 4016 485 4074 Boeckh,
504 4017 596 4066 Grimm
614 4020 638 4066 ct
656 4017 784 4074 Salomon,
806 4015 847 4080 qui
864 4016 924 4080 Epp.
943 4017 992 4064 Vll
1011 4021 1034 4066 et
1051 4018 1116 4070 Vlll

111 4117 187 4166 eidem
205 4115 314 4164 tribuunt
330 4114 430 4163 auctori.
454 4113 492 4162 cf.
511 4113 593 4162 Herm.
614 4130 638 4177 p.
656 4114 712 4162 592.
730 4116 780 4162 not.
799 4113 854 4160 215.

979 4211 998 4268 2
