2746 4950
664 346 703 405 60

180 551 361 614 ostentandi.
413 550 535 613 Praeter
570 551 651 613 hunc
682 540 783 614 locum
814 550 1008 636 splendidum
1040 553 1194 618 orationis

180 670 350 754 exemplum
375 676 422 734 est
444 669 541 754 Epist.
567 667 666 746 VIII,
692 693 721 754 p.
746 672 820 732 355.
868 669 1029 755 Colloquia
1051 672 1195 737 inserun-

179 796 230 852 tur
253 811 281 873 p.
307 790 371 852 346
393 789 437 851 A:
469 787 550 861 Ἐμοὶ
574 788 625 852 sal
647 813 705 870 σοι,
731 789 821 869 Δίων,
847 789 922 870 ἔφη,
946 789 1015 854 ari.
1041 789 1121 854 ibid.
1146 790 1193 855 D:

177 907 262 988 Φέρε,
298 909 322 972 εἶ
356 908 507 972 atavorum
542 908 609 972 κτὲ.
646 908 805 992 praecipue
840 931 869 993 p.
901 909 964 971 348
989 907 1032 973 G:
1061 912 1193 976 Πλάτων

177 1027 254 1110 γὰρ,
278 1027 354 1109 ἔφη,
379 1034 409 1091 et
432 1049 510 1111 quac
532 1034 712 1111 sequuntur.
749 1026 795 1090 (ll.
820 1026 919 1111 Epist.
936 1026 1005 1104 ΙΠ,
1024 1051 1055 1112 p.
1073 1031 1155 1093 319.
1171 1031 1193 1114 ¹)

177 1144 251 1210 Non
282 1168 356 1232 opus
387 1167 450 1210 esse
480 1145 585 1230 putavi
615 1152 714 1209 totum
745 1145 846 1209 locum
874 1145 1060 1224 describere,
1089 1147 1192 1232 ipsum

177 1263 298 1328 initium
331 1264 394 1348 jam
428 1264 500 1326 satis
534 1264 764 1328 declamatorem
800 1263 870 1328 olet.
916 1262 1038 1341 „Venio
1074 1265 1116 1329 ad
1144 1274 1191 1344 te,

178 1381 294 1465 inquit,
316 1403 334 1444 o
353 1380 457 1458 Plato,
479 1403 539 1444 non
562 1380 712 1465 peditibus
737 1381 859 1444 armatis
875 1403 965 1465 egens
980 1403 1037 1444 nec
1050 1383 1192 1466 equitum

177 1499 299 1584 indigus
330 1499 368 1563 ad
399 1499 604 1564 defendendos
631 1498 784 1578 inimIcos,
809 1500 861 1564 sed
886 1499 1047 1564 verborum
1071 1509 1103 1565 et
1127 1525 1194 1588 per-

177 1618 359 1682 suasionis.''
393 1619 486 1683 Putes
510 1641 578 1683 cum
604 1618 719 1703 alloqui
742 1641 804 1683 non
827 1619 1042 1705 philosophum
1058 1620 1092 1684 in
1109 1620 1192 1686 horti

177 1736 285 1801 umbra
321 1736 495 1821 degentem,
530 1735 583 1801 sed
613 1735 780 1823 principem
813 1737 943 1822 aliquem
973 1737 1105 1802 civitatis
1139 1748 1193 1804 aut

176 1878 295 1940 regem,
320 1856 373 1940 qui
395 1855 511 1939 magnis
535 1855 715 1920 exercitibus
738 1857 906 1942 imperaret.
941 1855 1059 1920 Omitto
1083 1854 1193 1924 inanes

178 1983 208 2040 et
237 1975 362 2060 frigidas
388 1975 548 2040 verborum
570 1976 762 2061 repetitiones
786 1984 816 2040 et
838 1977 1013 2041 antitheses:
1037 1977 1191 2063 δεόμενος,

177 2094 268 2168 ἐνδεὴς
302 2093 464 2172 γενόμενος,
500 2095 623 2159 ὁπλιτῶν
652 2095 708 2160 οὐδ’
733 2094 860 2172 ἱππέων,
880 2095 975 2174 λόγων
996 2094 1046 2160 aa}
1071 2099 1189 2170 πειθοῦς

177 2216 376 2298 (postremum
395 2211 453 2276 hoc
475 2212 565 2277 modo
589 2213 688 2298 attigi)
695 2239 705 2291 ς
729 2213 820 2299 paulo
841 2220 910 2299 post
931 2214 1084 2279 iterantur
1107 2217 1192 2283 κριτοὶ

177 2333 210 2397 τὸ
243 2333 292 2397 σὸν
326 2332 408 2411 μέροι
440 2338 469 2396 et
498 2333 581 2413 μέρος
610 2330 672 2398 ὅσον
701 2334 751 2399 ἐπί
780 2357 821 2398 σοι
852 2332 983 2411 γέγονεν.
1018 2340 1049 2397 et
1072 2334 1193 2418 passim

177 2452 253 2531 alia,
277 2474 353 2537 quae
378 2451 506 2537 quisque
529 2452 700 2516 admonitus
724 2459 830 2538 sponte
852 2451 1078 2516 animadvertat

222 2569 371 2634 Absoluta
394 2576 495 2634 autem
518 2570 626 2635 Dionis
649 2570 801 2648 oratione,
826 2570 869 2633 sic
884 2570 997 2654 pergit:
1013 2570 1192 2651 Λεχθέντων

178 2689 207 2752 δὲ
235 2690 343 2754 τούτων
369 2689 414 2761 τίς
437 2687 472 2754 θιν
496 2687 527 2764 ἦν
550 2713 598 2767 μοι
622 2688 689 2770 πρὸς
712 2693 812 2754 τοῦτο
835 2689 993 2770 εὐσχήμων
1018 2687 1190 2770 οὶιιθιιριοιςς

177 2808 227 2871 οὐκ
256 2806 333 2872 ἔστιν
361 2802 433 2891 (ἦν),
463 2811 534 2873 ἀλλ’
557 2803 638 2880 ἦλθον
660 2808 713 2885 μὲν
736 2807 832 2873 aar&
858 2807 964 2885 λόγον
986 2808 1021 2871 ἐν
1047 2804 1126 2890 lircil
1149 2833 1191 2873 τε

177 2925 219 2997 ὡς
248 2919 316 2989 οἷον
345 2950 384 2989 τε
414 2926 576 3007 θνθριθιιῳ
602 2925 779 3004 allatura.
832 2925 918 3006 Quae
940 2924 1101 2990 verborum
1126 2949 1189 2992 am-

177 3042 295 3128 pullae!
328 3042 497 3107 Grandiora
520 3044 610 3108 etiam
633 3050 704 3108 sunt
727 3020 1016 3129 quaesoquuntur:
1041 3044 1128 3108 ἐλθών
1152 3069 1189 3110 τε

177 3160 302 3238 ε’μοιοτὸν
330 3161 507 3241 ἠλευθέρωσα
537 3161 604 3233 Διὸς
632 3160 721 3236 ξενίου
747 3161 796 3227 aa}
819 3160 983 3244 φιλοσόφον
1005 3161 1187 3239 ἀνέγκλητον

177 3279 276 3360 μοι’ριις
296 3281 452 3361 πριρέοχον.
473 3280 582 3345 Dicere
597 3281 677 3345 vult:
699 3280 939 3366 „proficiscendo
954 3279 1118 3365 Syracusas
1136 3282 1186 3347 de-

179 3397 276 3462 bitum
300 3405 330 3462 et
353 3399 502 3463 amicitiae
522 3407 553 3465 et
567 3400 779 3487 philosophiae
795 3400 927 3464 officium
944 3398 1074 3485 persolvi
1084 3400 1114 3462 :''
1130 3423 1186 3486 pro

177 3536 238 3600 quo
262 3522 404 3597 τριιριιιῶς
429 3518 519 3582 dicIt:
549 3519 696 3597 „liberavi
718 3542 766 3583 me
789 3518 933 3603 religione
958 3527 988 3583 ct
1010 3518 1093 3582 Iovis
1117 3519 1188 3584 hos·

176 3635 279 3720 pitalis
310 3644 340 3701 et
369 3636 456 3701 divae
479 3637 720 3723 philosophiae.”
766 3637 846 3702 Nam
874 3639 1074 3721 ἡφιλθοοφις
1097 3647 1185 3721 μοῖροι

177 3753 277 3838 posita
310 3755 399 3839 juxta
430 3756 490 3821 Δθιι
518 3754 604 3832 ξένιον
634 3756 802 3842 significare
829 3755 950 3820 videtur
979 3779 1083 3820 ιιιιιιιοιι
1114 3763 1187 3822 tate·

177 3937 369 3948 --—--....

211 4042 235 4102 1)
257 4041 348 4101 zella,
374 4042 468 4092 Platon.
494 4042 563 4091 Stud.
587 4058 610 4106 p.
636 4041 681 4100 79,
705 4042 810 4092 ciusdem
833 4041 927 4097 artificii
952 4041 1058 4092 studium
1080 4041 1106 4092 in
1132 4042 1187 4092 Pla-

178 4136 241 4189 tonis
258 4137 360 4203 chibus
377 4138 492 4207 reperisse
509 4137 555 4186 sibi
573 4138 674 4189 videtur.
