2746 4950
653 324 718 384 224

178 528 267 595 detur
300 528 339 593 de
370 529 427 593 boo
460 529 635 594 Aristoxeni
666 530 895 608 testimonium,
927 532 982 614 qni
1014 533 1052 596 in
1088 533 1196 599 Herna

126 707 132 716 ,
177 647 327 714 Element.
358 647 380 713 l.
412 647 447 712 Π
469 621 538 713 init.
553 649 577 734 ¹)
601 647 676 713 haec
698 649 805 713 refert:
828 650 967 733 Καθάπερ
982 654 1196 732 Ἀριστοτέλης

177 768 222 833 ἀεὶ
248 768 373 845 διηγεῖτο
403 769 468 841 τοὺς
497 768 654 840 πλείστους
677 774 733 832 πῶν
755 767 936 834 ἀκουσάντων
955 770 1043 848 παρά
1066 771 1197 837 Πλάπω-

177 911 220 959 νος
243 889 296 963 τὴν
319 886 396 967 περὶ
420 856 580 965 τάγαθοῦ
604 886 742 966 ἀκρθασιν
764 889 882 951 παθεῖν·
906 888 1053 968 προσιέναι
1065 899 1122 967 μὲν
1133 893 1194 971 γάρ

177 1002 298 1070 ἕκαστον
322 1004 574 1084 ὑπολαμβάνοντα
591 1004 738 1084 λίψεσθαί
755 1030 783 1069 τι
801 1011 856 1070 τῶν
872 1004 1065 1087 νομιζομένων
1084 1010 1195 1074 τούτων

176 1123 352 1205 ἀνθρωπίνων
384 1124 546 1201 ἀγαθῶν..
562 1172 590 1198 ·=
630 1120 677 1188 θπε
707 1123 737 1188 δὲ
767 1125 930 1207 Φανείησαν
958 1126 984 1189 οἱ
1012 1127 1102 1204 λθγοι
1130 1128 1195 1208 περὶ

176 1242 359 1320 μαθημάπων
392 1242 440 1307 καὶ
472 1244 596 1321 ἀριθμῶν
625 1242 673 1306 καί
704 1243 883 1324 γεωμετρίας
913 1245 962 1309 καί
992 1245 1195 1325 ἀστρολογίας

177 1363 226 1425 καί
249 1362 282 1426 πθ
305 1361 394 1440 πέρας
418 1360 460 1426 dri
482 1361 616 1438 πάγαθθν
640 1363 717 1426 ἐστιν
739 1358 785 1444 ἓν,
806 1369 956 1434 παντελῶς
968 1358 1052 1439 οἶμαι
1065 1364 1194 1444 παράθο

178 1479 225 1557 ξον
245 1480 380 1560 ἐφαίνετο
392 1483 501 1552 αὐτοῖς.
525 1480 738 1558 „Aristoteles
752 1479 836 1559 dicit,
848 1504 971 1546 narrare
981 1484 1096 1547 solebat
1107 1484 1194 1569 (haec

182 1607 227 1662 est
251 1599 296 1662 vis
319 1599 486 1684 imperfecti
501 1599 654 1683 διηγεῖτο),
671 1598 823 1684 plerisque
839 1621 942 1663 eorum
958 1600 1015 1684 qui
1025 1599 1193 1666 Platonem

180 1716 321 1782 audirent
343 1720 378 1782 de
401 1721 470 1782 θοαο
490 1717 686 1781 disserentem
715 1717 771 1780 hoo
803 1717 961 1782 accidisse:
981 1719 1195 1804 opinabantur

177 1858 209 1900 se
232 1836 391 1901 audituros
415 1836 565 1901 dicentem
589 1836 626 1900 de
650 1837 688 1900 iis
712 1859 789 1921 quae
812 1837 904 1922 vulgo
927 1836 1007 1902 bona
1032 1839 1074 1904 ab
1094 1839 1193 1905 homi·

177 1955 268 2021 nibus
293 1961 459 2041 putantur,
483 1955 536 2019 sed
560 1977 655 2039 quum
679 1955 717 2020 de
739 1955 961 2020 mathematicis
986 1964 1017 2021 et
1039 1957 1082 2022 de
1099 1965 1194 2024 astro

177 2075 280 2140 nomia
303 2083 333 2138 et
356 2074 393 2139 de
415 2097 478 2139 uno
501 2075 676 2139 ratiocinari
699 2075 861 2161 inciperet,
879 2077 1068 2160 exspectatio
1086 2100 1192 2143 eorum

177 2194 302 2258 mirifice
325 2194 470 2258 frustrata
493 2193 571 2258 est.”
595 2194 796 2258 Aristoxenus
813 2194 863 2259 hio
875 2217 938 2260 non
954 2195 1109 2281 scriptum
1126 2198 1195 2262 Ari-

178 2314 295 2377 stotelis
319 2313 432 2378 librum
457 2336 473 2378 e
498 2313 635 2378 Platonis
651 2312 763 2377 scholis
779 2313 817 2378 de
833 2313 913 2378 bono
929 2313 1124 2393 derivatum,
1140 2316 1195 2381 sed

177 2441 298 2497 tantum
314 2455 465 2497 sermones
487 2432 552 2496 eius
574 2432 630 2496 hac
646 2431 684 2496 de
695 2455 728 2496 re
740 2432 840 2496 refert.
865 2432 974 2516 Itaque
986 2431 1071 2498 huno
1089 2434 1194 2500 locum

178 2552 204 2615 si
228 2574 297 2615 cum
320 2551 472 2636 prioribus
496 2573 722 2636 comparamus,
746 2551 902 2636 probabile
924 2551 959 2615 fit
977 2551 1193 2639 Platonempin

178 2669 368 2734 sermonibus
398 2672 460 2751 περὶ
491 2672 623 2747 τάγαθοῦ
654 2671 745 2734 etiam
770 2671 982 2735 mathematica
1015 2679 1046 2734 et
1076 2672 1193 2758 Pytha·

179 2788 280 2871 gorica
309 2789 446 2872 tetigisse
478 2802 569 2872 atque
600 2789 671 2852 iude
694 2789 817 2854 fluxisse
840 2789 1073 2853 commentarios
1100 2813 1192 2875 quos

179 2905 248 2970 dam
276 2907 465 2971 continentes
496 2907 693 2988 Πυθαγόρεια,
718 2931 796 2992 quae
819 2909 850 2972 in
877 2908 1015 2994 Epistola
1037 2916 1193 2996 tanquam

178 3024 315 3090 Platonis
339 3027 540 3104 ὑπομνήματα
562 3036 777 3091 memorantur.

224 3143 270 3208 Ex
301 3145 338 3207 iis
373 3168 450 3229 quae
482 3147 608 3230 exposui
631 3145 688 3209 hoo
713 3145 851 3210 efficitur.
887 3146 1063 3210 Aristotelis
1090 3158 1194 3214 aetate

180 3272 210 3327 et
248 3264 385 3348 proximo
416 3264 557 3350 deinceps
592 3273 727 3350 tempore
764 3265 923 3329 doctorum
958 3264 1104 3329 manibus
1142 3270 1195 3332 tri·

179 3393 246 3448 tum
280 3384 373 3447 fuisse
400 3384 650 3448 commentarium
678 3384 815 3448 Platonis
838 3383 960 3449 nomine
973 3384 1193 3469 insignitum,

180 3504 230 3566 oui
261 3503 372 3567 titulus
404 3512 483 3568 esset
513 3502 643 3583 ἀγραφα
676 3504 834 3582 δόγματος
858 3503 971 3580 alium,
995 3503 1109 3588 prioris
1134 3506 1194 3571 for-

180 3630 259 3686 tasse
282 3629 416 3706 partem,
449 3622 630 3707 inscriptum
660 3622 821 3700 θιαιρέσειςς
844 3622 971 3685 fortasse
994 3621 1088 3686 etiam
1114 3625 1192 3689 alios

180 3743 241 3820 arpi
266 3743 416 3818 τάγαθοῦ,
449 3741 510 3821 περὶ
534 3741 732 3824 Φιλοσοφίας,
756 3742 818 3820 περὶ
841 3741 1038 3820 Πυθαγορείων
1060 3741 1193 3830 inscrip-

184 3924 374 3934 m

217 4032 239 4090 l)
261 4032 347 4080 Locum
365 4031 424 4080 citet
440 4031 603 4088 Schiirmann,
620 4029 649 4078 de
666 4029 718 4078 Dec
736 4029 830 4078 Platon.
848 4044 871 4092 p.
889 4029 930 4077 20.
955 4029 1081 4078 Invenitur
1094 4031 1121 4079 in
1135 4033 1194 4080 Mei·

183 4127 255 4175 bomii
278 4128 358 4190 Antiq.
378 4111 459 4175 music.
479 4132 541 4175 auct.
558 4130 662 4189 septem,
680 4126 705 4183 Ι,
723 4141 746 4189 p.
764 4125 803 4175 30.
