2746 4950
662 331 702 394 63

181 539 256 621 (331
281 539 339 623 A):
364 536 433 603 ύταν
455 537 500 609 τίς
523 561 570 615 μοι
592 535 829 615 ξυμβουλούηται
851 538 916 620 arpi
936 562 1009 612 τινος
1030 545 1086 605 τῶν
1102 541 1187 616 μονί-

181 680 269 734 οτυν,
284 705 291 720 .
307 704 337 720 ..
360 652 414 721 οἷον
437 655 508 751 περὶ·
523 655 720 737 χρημάτων
733 657 859 731 κτήσεως
876 656 893 732 ἢ
909 655 971 737 περὶ
994 657 1184 734 ούματοςῆ

181 783 304 856 ψυχῆς
331 771 517 852 ἐπιμελείας(
534 774 729 838 Hermannus
749 775 850 839 locum
870 798 975 840 sanare
995 783 1121 843 conatus
1139 783 1186 862 est

182 894 225 956 sie
244 892 387 978 legendo:
411 893 490 971 λέγω
510 893 543 968 δὴ
561 893 626 958 τύδ’
641 895 714 971 ἐγὼ,
730 895 779 958 τὸν
793 892 1032 972 ξυμβουλεύοντα
1046 944 1053 959 .
1067 945 1097 960 ..
1117 894 1185 975 πρὸς

183 1014 294 1090 ὑγιείαν
317 1010 359 1078 ύτι
381 1013 439 1094 χρὴ
461 1014 522 1078 κτὲ.
557 1012 670 1077 Parum
692 1020 787 1090 recte,
813 1013 935 1098 opinor;
959 1001 1040 1077 certe
1058 1012 1185 1090 λέγωδὺ

183 1132 253 1196 ratde
276 1137 348 1195 sunt
368 1129 462 1195 verba
481 1152 558 1214 quae
574 1131 744 1216 praefatum
768 1132 948 1195 senteutiam
963 1131 1062 1196 dicere
1078 1131 1187 1216 incipit

183 1274 201 1313 1
230 1250 321 1314 verbo
352 1252 441 1327 Ἐγώ.
488 1248 596 1314 Cetera
625 1249 700 1314 vitia
722 1249 784 1313 sive
806 1250 839 1313 in
862 1249 967 1337 ordine
991 1257 1021 1315 et
1040 1252 1187 1335 junctura

183 1369 244 1433 sive
267 1369 299 1432 in
321 1367 420 1432 verbis
443 1367 593 1432 eiusmodi
615 1376 704 1446 sunt,
729 1375 765 1432 ut
786 1369 888 1454 potius
905 1391 1014 1454 pravae
1029 1369 1186 1434 sedulitati

183 1510 275 1571 quam
309 1487 444 1552 incuriae
474 1486 637 1551 tribuenda
667 1487 737 1550 sint.
783 1494 896 1567 Πρῶτον
925 1489 978 1562 μὲν
1004 1511 1067 1553 non
1095 1488 1187 1554 habet

183 1606 308 1685 δεύτερον
332 1605 415 1689 quod
438 1606 498 1691 ipsi
521 1605 721 1691 respondeat;
746 1607 836 1671 scribi
859 1608 996 1692 oportuit
1011 1614 1119 1689 πρῶτον
1134 1609 1187 1687 μὲν

183 1725 270 1789 αὐτὸν
289 1724 494 1802 μεταβάλλειν
516 1725 564 1790 τὸν
586 1725 721 1803 βίον
745 1723 811 1790 εἶτα
827 1720 930 1792 τᾶλλα
952 1728 1002 1801 ἤδη
1027 1733 1184 1806 παραινεῖν.

185 1842 289 1907 Simile
324 1845 427 1909 cetri
452 1851 559 1925 πρῶτον
586 1843 671 1928 quod
693 1868 785 1931 snpra
807 1845 920 1930 legitur
943 1869 973 1931 p.
998 1846 1132 1924 1181),
1157 1853 1187 1909 et

183 1964 262 2026 infra
293 1987 322 2048 p.
348 1966 411 2027 331
436 1964 475 2028 D.
518 1963 597 2043 Quis
620 1986 710 2049 porro
741 1987 804 2029 non
838 1964 1050 2028 animadvertit
1080 1986 1185 2028 anaco-

183 2082 294 2146 luthon
310 2083 352 2160 μὴ
367 2082 488 2147 ἐθέλοντι
511 2082 558 2165 δὲ,
583 2082 665 2166 quod
689 2082 801 2169 pendet
824 2083 861 2147 ab
883 2083 1040 2148 intellecto
1063 2085 1094 2148 ού
1118 2089 1188 2164 χρῆ-

184 2224 229 2264 ναι
261 2208 426 2278 ταραινεῖν;
461 2200 514 2264 sed
541 2202 669 2286 scriptor
696 2223 792 2285 quum
824 2202 983 2287 subjungit
1013 2201 1105 2266 verba
1137 2202 1186 2268 uui

183 2323 231 2385 τὸν
254 2321 407 2401 φεύγοντα
432 2321 492 2385 oiri
517 2323 577 2386 κτὲ.
606 2322 737 2384 mutavit
764 2321 909 2385 orationis
933 2320 1079 2385 ordinem.
1111 2320 1188 2384 Rur-

184 2461 235 2503 sus
266 2439 298 2502 in
328 2446 472 2523 sequente
503 2439 677 2503 enuntiato:
708 2441 814 2505 ταύτὸν
837 2440 870 2515 δὴ
897 2441 946 2504 καὶ
966 2430 1048 2504 πόλει
1072 2487 1079 2503 .
1100 2488 1109 2504 .
1131 2488 1139 2504 .
1163 2440 1203 2504 εἰ·

184 2559 238 2635 μὲν
264 2557 489 2634 ξυμβουλεύοιτο
586 2564 645 2630 τοῖς
668 2560 801 2630 τοιούτοις
824 2557 1050 2636 ξυμβουλεύειν,
1081 2559 1190 2644 incipit

185 2698 202 2739 a
232 2698 304 2739 voce
335 2676 435 2753 πόλει,
466 2677 516 2757 cui
539 2674 649 2740 deinde
672 2675 834 2741 substituit
855 2685 914 2749 τοῖς
936 2653 1079 2750 τοιούτοις.
1114 2676 1189 2740 Pro·

184 2793 273 2857 rimis
297 2794 394 2858 verbis
417 2802 475 2866 τοῖς
498 2793 583 2870 δ’ἔξοι
607 2797 639 2861 τὸ
662 2795 806 2874 τοιούτοιν
827 2796 959 2874 βαίνουσι
974 2803 1026 2868 τῆς
1045 2797 1122 2877 ὀρθῆς
1139 2819 1188 2859 το-

183 2913 295 2984 λιτεύας
326 2936 421 2998 quum
445 2914 642 2999 subjungitur
668 2915 720 2980 τὸν
739 2921 792 2991 μὲν
816 2914 993 2992 ὑπομένοντα
1015 2913 1188 2993 ξυμβουλοὶς

184 3031 322 3104 τοιούτοις
352 3035 475 3111 ἡγοίμην
503 3030 539 3097 ύν
562 3031 710 3111 ἄνανδρον,
735 3054 770 3096 eo
793 3033 829 3096 fit
850 3040 887 3096 ut
909 3033 1030 3096 dativus
1053 3040 1112 3105 τοῖς
1134 3031 1187 3109 ἔξω

143 3193 144 3196 =
184 3151 315 3228 βαίνουσι
327 3173 390 3215 non
402 3151 512 3216 habeat
528 3174 589 3236 quo
605 3152 752 3216 referatur
760 3179 769 3229 3
785 3159 904 3215 mutate
915 3160 961 3215 est
972 3174 1078 3218 rursus
1091 3151 1188 3214 oratio

184 3293 254 3358 pro:
274 3280 333 3345 τοῖς
352 3270 375 3336 δ’
386 3269 439 3347 ἔξω
461 3271 591 3349 βαίνουσι
606 3310 652 3321 -
673 3272 720 3336 τὸν
740 3272 792 3349 μὲν
808 3270 1046 3348 ξυμβουλεύοντα
1063 3271 1185 3347 ἡγούμην

184 3391 220 3457 ἂν
243 3391 385 3472 ἄνανδρον.
416 3390 605 3455 Huiusmodi
624 3390 808 3454 anacolutha
822 3398 858 3455 ut
881 3391 1003 3474 singula
1027 3390 1098 3453 ferri
1121 3411 1188 3473 pos·

185 3517 271 3588 sunt,
295 3511 339 3574 ita
361 3510 517 3575 cumulata
538 3511 668 3575 molesta
687 3519 760 3575 sunt
783 3519 813 3596 et
835 3510 976 3574 mutilem
997 3518 1089 3593 atque
1104 3509 1189 3572 hian-

183 3637 247 3694 tem
273 3628 407 3693 reddunt
441 3631 616 3694 orationem.
664 3629 723 3694 Sed
747 3629 865 3710 omissis
897 3628 964 3693 aliis
989 3651 1067 3713 quae
1090 3635 1186 3692 atten-

183 3757 251 3813 tum
272 3749 416 3813 lectorem
438 3771 500 3813 non
523 3749 658 3834 fugient,
683 3748 840 3813 ostendam
864 3770 924 3832 qua
947 3747 1064 3812 ratione
1097 3753 1127 3811 et
1156 3748 1187 3810 in

185 3867 297 3952 quibus
320 3866 479 3931 Platonem
501 3867 639 3931 imitatus
662 3867 711 3931 sit.

229 3985 392 4070 Comperat
414 3986 542 4071 scriptor
565 3987 768 4051 consultorem
791 4008 860 4049 cum
876 3984 1010 4062 medico,
1027 3965 1186 4047 ‘civitatem

184 4105 263 4170 mele
277 4112 424 4170 moratam
440 4127 508 4168 cum
525 4113 656 4190 aegroto.
680 4105 872 4191 Comparatio
888 4104 1028 4188 frequens
1045 4109 1090 4166 est
1105 4101 1186 4187 apud
