2746 4950
665 341 705 399 88

179 549 353 611 memoratio
384 546 530 610 sermonis
553 555 667 609 secreto
704 547 784 609 inter
806 547 918 610 amicos
945 547 1068 612 habiti?
1096 548 1189 629 Quod

179 666 254 729 alter
277 665 333 742 ait,
358 665 445 728 alteri
468 687 578 748 negare
601 663 682 727 licet.
728 663 800 749 Ipse
823 665 952 748 scriptor
974 665 1033 729 hoc
1058 667 1191 731 sensisse

177 783 314 861 videtur,
339 783 424 847 addit
446 783 543 847 enim:
568 784 636 864 πρὸς
660 782 689 846 δὲ
712 783 820 855 τούτοις
844 783 886 847 ἔτι
907 783 1110 866 σαφεστέρους
1129 786 1191 851 τού-

177 927 232 968 των
254 903 293 974 εἷς
316 901 442 983 ἔλεγχον
460 901 565 978 λόγους
588 902 645 978 ἐγὼ
668 901 740 976 δοίην
764 900 814 977 ἂν,
838 901 866 967 εἴ
886 926 929 974 τις
949 903 1106 977 isauriam
1118 905 1189 986 Φοί-

177 1045 248 1087 νοοτο
270 1023 364 1102 κρίσις.
389 1023 429 1106 (p.
448 1024 510 1084 319
534 1021 585 1105 1)).
621 1021 736 1084 Mirum
760 1028 880 1098 tamen,
897 1021 923 1084 si
939 1030 1125 1106 argumenta
1140 1046 1192 1088 σοο-

117 1210 122 1223 ,
177 1139 308 1220 Φέστεροο
337 1140 368 1203 in
400 1146 523 1224 promtu
554 1139 680 1216 habuit,
713 1139 821 1223 quidni
853 1162 889 1202 ea
915 1140 1121 1225 expromserit
1159 1143 1191 1206 in

178 1257 318 1343 apologia
340 1257 463 1341 publico
487 1257 557 1321 usui
581 1257 741 1321 destinata.

221 1376 362 1459 Denique
400 1383 499 1439 totum
533 1377 677 1460 epistolae
709 1383 945 1460 argumentum,
979 1383 1010 1440 et
1045 1377 1192 1464 Dionysii

178 1496 349 1559 criminatio
372 1503 402 1558 et
425 1495 562 1558 Platonis
583 1495 740 1572 defensio,
765 1494 913 1558 eiusmodi
938 1503 1000 1573 est,
1018 1503 1056 1560 ut
1070 1497 1191 1563 fictioni

178 1637 269 1698 quam
293 1613 413 1677 veritati
436 1613 564 1677 similior
587 1615 636 1677 sit.
675 1613 840 1698 Dionysius
863 1613 1021 1676 Platonem
1046 1623 1191 1695 accusat,

178 1733 260 1817 quod
272 1756 350 1816 quae
361 1733 458 1796 facere
470 1756 502 1795 se
514 1732 588 1795 olim
600 1732 821 1818 prohibuisset,
835 1732 873 1795 ad
888 1731 992 1796 eadem
1003 1735 1193 1817 perficienda

179 1874 260 1915 nunc
287 1857 393 1915 auctor
419 1850 458 1913 sit
484 1849 596 1928 Dioni,
621 1859 657 1915 ut
676 1873 783 1936 nempe
800 1850 930 1915 Graecas
948 1850 1072 1915 Siciliae
1084 1853 1193 1918 civita·

178 1977 223 2033 tes
247 1993 264 2033 a
287 1968 583 2053 Carthaginiensium
607 1968 814 2033 dominatione
834 1968 977 2033 liberaret
992 1976 1022 2033 et
1039 1972 1193 2053 aequiori·

177 2090 235 2154 bus
258 2089 377 2174 legibus
401 2095 550 2172 regnaret.
597 2086 682 2151 Num
706 2095 808 2152 autem
824 2087 987 2152 verisimile
1001 2095 1190 2172 tyrannum,
1216 2141 1217 2146 η

179 2209 232 2292 qui
263 2207 365 2271 omnia
397 2228 453 2270 suo
477 2206 602 2272 arbitrio
626 2207 749 2292 gerebat
772 2213 803 2270 et
827 2206 1002 2292 philosophi
1025 2216 1193 2294 praecepta

180 2326 414 2411 aspernabatur,
439 2325 532 2390 huius
555 2325 678 2389 monitis
702 2347 720 2388 a
742 2324 919 2410 gravissimo
942 2324 1069 2389 consilio
1084 2349 1193 2392 avoca-

178 2452 246 2508 tum
268 2443 376 2520 fuisse,
402 2449 473 2520 aut,
498 2443 523 2506 si
547 2443 669 2520 fuisset,
692 2443 725 2506 id
748 2443 847 2528 palam
870 2442 908 2506 de
924 2466 956 2507 se
971 2443 1086 2507 fassum
1103 2446 1193 2510 esse?

178 2562 261 2642 Quid
286 2568 388 2625 autem
411 2584 480 2625 eum
503 2560 684 2645 prohibebat
713 2561 746 2624 id
769 2561 888 2645 ipsum,
919 2561 945 2624 si
970 2560 1079 2639 vellet,
1105 2585 1193 2628 nunc

179 2681 299 2758 facere,
331 2703 392 2764 quo
417 2703 489 2743 sane
512 2679 621 2743 Dionis
644 2687 674 2742 et
697 2678 834 2743 Platonis
857 2679 1029 2743 molitiones
1052 2703 1195 2764 praever-

179 2799 286 2863 tisset?
321 2799 458 2862 Platonis
489 2807 591 2862 autem
621 2798 778 2882 responsio
808 2821 870 2862 non
894 2807 958 2862 tam
983 2798 1119 2863 defensio
1144 2811 1194 2866 est

179 2941 271 3001 quam
297 2918 519 2994 recriminati0,
549 2917 677 3002 indigna
699 2917 780 2994 viro,
806 2918 860 3000 qui
883 2940 955 2981 suae
978 2917 1035 2980 sibi
1060 2918 1193 2984 virtutis

180 3044 210 3100 et
241 3036 398 3120 dignitatis
429 3036 587 3114 conscius,
618 3035 749 3120 improbi
772 3036 904 3100 hominis
927 3035 1095 3100 calumnias
1120 3060 1194 3103 con·

179 3164 313 3220 temnere
339 3155 427 3219 facile
450 3154 561 3240 potuit.

223 3273 333 3358 Itaque
356 3274 432 3338 mihi
455 3274 575 3338 videtur
597 3296 653 3336 nee
676 3273 843 3358 Dionysius
867 3282 929 3338 tam
948 3273 1062 3338 stultus
1075 3275 1191 3356 fuisse,

178 3401 214 3457 ut
244 3393 363 3456 futilem
395 3392 470 3455 adeo
504 3391 743 3455 criminationem
778 3392 815 3456 de
851 3392 979 3457 Platone
1014 3403 1191 3478 spargeret,

179 3535 234 3576 nec
264 3511 352 3575 Plato
382 3519 444 3575 tam
474 3512 613 3596 ineptus,
638 3511 691 3594 qui
714 3511 751 3574 ad
775 3512 854 3575 hanc
877 3512 954 3575 serio
977 3512 1189 3597 responderet.

179 3622 362 3694 Plutarchus'
390 3630 423 3693 in
447 3630 508 3693 vita
530 3629 639 3694 Dionis
662 3631 703 3713 (c.
729 3633 782 3714 20)
806 3637 927 3708 narrat,
953 3652 1048 3713 quum
1072 3630 1190 3718 Diony-

179 3751 242 3813 sius
271 3748 429 3812 Platonem
462 3747 499 3812 ab
531 3748 641 3812 ultimo
671 3748 779 3812 itinere
803 3750 940 3818 Athenas
964 3771 1118 3813 reversum
1143 3775 1191 3815 ro-

179 3875 295 3952 gasset,
319 3891 357 3931 ne
381 3867 537 3932 invidiosis
561 3867 599 3931 de
623 3891 654 3931 se
679 3868 1189 3936 sermonibus·existimati0nisuae

181 3984 262 4071 apud
298 3985 428 4050 Graecos
463 3993 600 4063 noceret,
637 3986 718 4050 hunc
752 3986 956 4072 respondisse:
993 3991 1035 4065 μὴ
1058 3988 1187 4066 τοσούτη

180 4103 274 4184 λόγων
298 4104 326 4168 ἐν
349 4103 515 4190 Ἀκαδημίᾳ
545 4104 653 4185 γένοιτο
675 4103 797 4180 artua,
821 4103 894 4174 ὥστε
917 4111 967 4173 σοῦ
989 4129 1055 4171 aruc
1077 4131 1188 4186 μοημο·
