2746 4950
670 327 710 388 39

189 533 262 596 tinis
294 533 451 597 discordiis
482 533 628 610 lacerata,
659 532 889 597 imminentibus
920 533 1077 611 hostibus,
1104 535 1136 597 in
1159 557 1191 598 re

190 653 310 739 trepida
328 675 382 738 per
396 651 499 715 literas
515 651 629 716 adeunt
644 651 803 715 Platonem
819 652 981 716 consilium
997 659 1027 716 et
1042 653 1191 718 auxilium

187 778 338 856 rogantes.
385 770 506 835 Horum
535 770 687 854 rogationi
716 769 768 833 ille
798 770 855 834 1110
885 771 1013 856 epistola
1035 772 1190 836 satisfacit.

188 889 273 968 Iam,
298 888 373 974 qnid
389 887 571 974 respondet?
594 888 632 952 Se
648 894 767 972 praesto
783 888 844 952 illis
861 888 941 966 fore,
966 890 991 952 si
1008 889 1112 954 eodem
1128 891 1190 954 sint

189 1009 289 1072 animo
313 1030 374 1092 quo
396 1008 457 1070 Dio
480 1007 601 1085 luisset5
625 1011 691 1070 tum
715 1013 817 1071 autem
838 1007 929 1092 longa
949 1009 1084 1072 oratione
1100 1032 1190 1073 suum

187 1129 284 1214 ipsius
307 1128 387 1191 vitae
401 1127 596 1208 instratum,
618 1126 799 1190 sententiam
815 1126 852 1190 de
867 1127 1040 1212 republica,
1063 1129 1192 1192 necessi·

188 1245 327 1310 tudinem
350 1268 420 1309 eum
443 1245 543 1309 Dione
566 1252 597 1309 et
618 1244 784 1329 Dionysio,
808 1253 935 1309 conatus
959 1246 998 1309 ad
1017 1245 1189 1311 liberandos

188 1365 390 1450 Syracusanos
414 1372 533 1428 enarrat
540 1392 550 1442 3
581 1365 655 1428 haec
686 1365 788 1428 omnia
809 1365 954 1429 nimirum
978 1366 1025 1431 aaa
1047 1370 1189 1441 1111111-

186 1488 256 1550 alca
286 1486 334 1550 aul
362 1484 488 1563 anostra
510 1491 565 1551 τῶν
587 1485 769 1564 λεγομένων,
794 1492 830 1548 ut
852 1485 943 1550 falsos
967 1487 1014 1550 his
1038 1487 1075 1550 de
1097 1488 1187 1552 rebus

185 1626 320 1667 rumores
344 1610 374 1668 et
397 1603 553 1688 opiniones
576 1602 739 1687 redarguat
746 1629 755 1679 ;
780 1603 862 1687 quod
886 1611 987 1668 autem
1010 1606 1188 1690 primarium

186 1728 250 1786 erat
269 1721 416 1799 officium,
438 1727 474 1785 ut
489 1721 650 1786 consilium
666 1719 751 1785 daret
766 1721 955 1805 petentibus,
978 1723 1010 1786 id
1026 1724 1186 1808 epistolae,

184 1848 245 1905 tam
270 1841 378 1925 longae
401 1847 436 1904 ut
455 1840 532 1926 justi
554 1862 650 1925 paene
671 1839 742 1904 libri
764 1840 888 1904 modum
903 1841 1044 1937 impleat,
1066 1842 1185 1908 duabus

184 1959 303 2044 paginis
320 1959 487 2024 absolvitur
502 1961 543 2044 (p.
561 1961 624 2022 336
643 1957 775 2024 0-337
793 1958 840 2044 E).
865 1958 951 2039 Quid
966 1960 1024 2024 hoc
1040 1960 1125 2025 aliud
1141 1969 1186 2026 est

184 2077 245 2141 nisi
267 2079 458 2142 consulentes
482 2076 626 2142 eludere?
650 2076 757 2157 Quid?
779 2057 880 2141 nonne
899 2078 1009 2142 Dionis
1024 2079 1186 2145 familiares

183 2197 216 2260 in
238 2195 373 2280 rogando
397 2197 523 2260 consilio
545 2196 604 2281 ipsi
623 2197 687 2281 jam
709 2195 947 2275 declaraverunt,
972 2204 1008 2260 ut
1021 2198 1110 2263 initio
1127 2200 1188 2285 epi·

185 2315 280 2379 stolae
303 2315 424 2399 legitur,
448 2338 480 2379 se
503 2314 687 2390 1111111111
710 2316 800 2391 αὐτὴν
822 2315 945 2379 lacarias
963 2312 995 2392 ἣν
1011 2312 1076 2397 εἶχε
1091 2317 1186 2383 Alea?

229 2433 288 2497 Sed
310 2434 411 2518 palam
434 2440 480 2498 est
501 2440 597 2498 totam
621 2456 742 2498 causam
765 2434 866 2498 fictam
893 2457 967 2499 esse.
1013 2433 1094 2500 Nam
1118 2437 1186 2521 quis

185 2552 288 2616 credat
317 2551 425 2616 Dionis
457 2553 553 2617 socios
584 2553 616 2616 in
647 2575 680 2617 re
712 2560 858 2637 angusta,
889 2553 943 2618 ubi
966 2561 1083 2639 promte
1106 2557 1185 2620 facto

184 2672 286 2756 potius
310 2693 402 2755 quam
424 2679 542 2735 mature
562 2671 701 2735 consulto
718 2694 795 2756 opus
812 2679 892 2750 erat,
917 2687 1038 2737 vocasse
1054 2674 1185 2739 amioum

184 2790 353 2854 multorum
392 2784 510 2854 dierum
550 2790 658 2853 itinere
696 2812 714 2852 a
752 2812 783 2853 se
820 2797 988 2869 remotum,
1032 2792 1184 2857 hominem

183 2909 466 2994 septuagenarium,
490 2908 523 2972 in
545 2908 653 2973 umbra
677 2908 856 2973 Academiae
872 2909 1048 2994 degentem,
1073 2918 1185 2975 utnon

183 3027 396 3108 1011111111),
421 3026 474 3091 sed
496 3026 569 3109 ἔργῳ
591 3027 682 3092 vellet
703 3028 778 3113 ipsis
793 3028 950 3093 10111νεῖ11
973 3036 1044 3108 aut,
1061 3031 1087 3094 si
1102 3031 1185 3095 fecis·

94 3193 98 3200 -
182 3154 266 3225 sent,
289 3127 449 3211 Platonem
471 3147 508 3210 iis
530 3124 718 3232 rescripsisse
737 3147 1005 3233 talemepistolam
1021 3172 1099 3234 quae
1114 3173 1184 3215 eon-

182 3266 316 3330 sulentes
339 3266 480 3350 fatigaret
502 3265 605 3351 potius
628 3288 720 3349 quam
743 3264 873 3329 doceret.

226 3383 390 3464 Quodnam
424 3385 465 3448 sit
494 3406 598 3448 verum
622 3384 767 3468 epistolae
789 3385 997 3470 propositum,
1028 3409 1185 3470 argumen-

180 3511 248 3568 tum
277 3503 361 3567 haud
391 3503 524 3576 obscure⁴
547 3502 671 3567 indicat.
718 3504 747 3566 A
777 3503 927 3589 principio
959 3504 998 3567 ad
1029 3506 1119 3570 finem
1149 3506 1203 3571 id·
1275 3549 1277 3554 ,

182 3623 299 3706 agitur,
331 3628 367 3685 ut
397 3620 592 3698 ostendatur,
624 3620 722 3704 qualis
753 3621 845 3685 fuerit
875 3621 1012 3686 Platonis
1043 3623 1115 3688 inde
1146 3624 1183 3689 ab

181 3741 384 3805 adolescentia
406 3740 444 3805 de
466 3741 623 3826 republica
653 3741 803 3805 sententia
826 3748 857 3805 et
879 3742 1037 3821 voluntas,
1068 3750 1099 3807 et
1121 3766 1183 3828 qno

181 3858 308 3924 consilio
339 3859 446 3937 semel,
474 3859 600 3938 iterum,
632 3859 739 3937 tertio,
770 3860 826 3924 etsi
858 3860 980 3945 grandis
1011 3868 1104 3940 nata,
1132 3862 1183 3948 sy-

180 4000 302 4042 racusas
333 3979 486 4063 profectus
521 3978 580 4042 sit:
619 3969 774 4042 nimirum
798 3986 834 4043 ut
866 4002 929 4043 una
962 4002 1032 4044 cum
1065 3978 1181 4060 Dione,

140 4135 143 4144 ·
182 4098 318 4182 egregiae
340 4097 451 4161 indolis
475 4097 679 4176 adolescente,
704 4076 864 4164 conaretur
887 4098 1068 4186 Dionysium
1083 4107 1182 4191 tyran-
