2746 4950
647 339 709 399 alc

177 551 265 632 Quae
288 548 338 611 hic
361 558 507 610 vocantur
530 548 729 622 ὑπομνήμκτκ
753 556 841 621 sunt,
866 554 901 608 ut
917 545 1014 629 vulgo
1034 545 1198 630 appellau-

177 677 245 745 tur,
270 666 456 742 waccaria,
481 665 512 727 iu
536 663 648 747 quibus
672 663 833 727 memoriae
857 664 954 748 gratia
976 686 1025 727 res
1043 664 1197 729 notaban-

176 794 246 864 tur3
270 788 298 851 ἐν
321 783 522 864 βραχυτάτοις
560 783 680 858 κείμενα
710 792 812 847 aut-em
843 783 1066 867 intelliguntur
1097 784 1196 868 philo

177 905 318 991 sophiae,
350 902 526 988 praesertim
560 902 835 987 metaphysicorum
869 902 1035 988 principia,
1071 926 1187 967 memo·

176 1026 238 1090 riae
268 1033 297 1088 et
320 1023 414 1087 menti
438 1021 607 1106 infigenda,
632 1021 805 1086 cuiusmodi
828 1031 900 1085 sunt
925 1044 1003 1105 quae
1028 1021 1128 1086 modo
1152 1030 1195 1086 at-

178 1145 302 1229 tigimus
334 1165 369 1206 ex
392 1141 491 1226 Epist.
515 1140 568 1219 II,
601 1165 629 1226 p.
655 1143 737 1218 312,
762 1143 837 1204 313.
883 1139 1018 1229 Pumflin
1048 1140 1195 1226 Epistola

179 1262 244 1326 XII
278 1262 366 1325 Plato
390 1261 541 1344 Archytae
564 1261 675 1344 gratias
699 1259 780 1344 agit,
798 1259 881 1344 quod
901 1261 1110 1337 ὑπομνήματα
1134 1261 1194 1326 sibi

178 1382 262 1446 misit
285 1389 315 1445 et
338 1379 469 1443 vicissim
492 1401 547 1443 sua
570 1378 615 1442 illi
639 1401 670 1442 se
692 1379 857 1443 missurum
881 1378 1064 1463 pollicetur;
1087 1379 1192 1444 addit:

179 1500 240 1580 περὶ
272 1499 302 1562 δὲ
331 1507 383 1572 τῆς
413 1504 550 1578 &abacta
580 1496 740 1577 ἀμφότεροι
766 1495 993 1578 Samosatam,
1018 1495 1092 1563 ὥστ’
1114 1499 1193 1564 οὐδὲν

178 1619 222 1683 δεῖ
242 1616 505 1698 παρακελεύεσθαιε
531 1637 592 1699 quo
616 1614 765 1698 significat
785 1637 819 1678 ea
831 1616 927 1679 veluti
943 1637 1053 1679 arcana
1070 1617 1106 1680 in
1123 1618 1194 1682 sori·

178 1738 237 1824 niis
261 1759 325 1800 esse
347 1735 502 1800 servanda.
538 1734 574 1797 In
598 1733 697 1818 Epist.
722 1732 822 1811 XIII,
847 1757 876 1819 p.
902 1737 965 1798 360
982 1734 1028 1813 B,
1053 1735 1096 1798 ad
1122 1735 1195 1800 Dio·

177 1855 297 1941 nysium
314 1853 432 1930 scribit,
449 1852 560 1916 additis
579 1852 864 1917 commentariorum
876 1852 990 1916 titulis:
1008 1854 1069 1931 ἐγὼ
1086 1860 1194 1921 νῦν

178 1979 245 2038 τῶν
275 1997 308 2037 τε
335 1971 575 2051 Πυθαγορείων
603 1970 710 2045 πέμπω
735 1994 776 2034 σοι
798 1970 848 2034 act
879 1976 944 2034 τῶν
972 1970 1193 2052 διαιρέσεων.

222 2091 269 2156 Ex
303 2091 351 2154 his
384 2091 479 2176 igitur
510 2099 652 2175 apparet,
692 2111 753 2173 quo
786 2099 922 2175 tempore
949 2090 1007 2154 hae
1043 2092 1195 2176 epistolae

178 2211 306 2296 scriptae
345 2220 434 2287 sunt,
471 2208 648 2294 pervulgata
675 2210 738 2294 jam
771 2209 865 2272 hiisse
896 2208 1033 2273 Platonis
1065 2211 1196 2276 nomine

178 2331 395 2410 ὑπομνήματα,
428 2328 459 2392 in
490 2327 602 2411 quibus
628 2327 751 2413 propria
773 2327 895 2391 scholae
918 2326 1063 2412 dogmata
1088 2340 1196 2394 essent

177 2454 298 2512 notata:
330 2447 360 2511 in
393 2447 439 2510 his
472 2447 703 2511 commentarios
727 2448 788 2527 περὶ
812 2447 1010 2527 Πυθαγορείων
1034 2454 1065 2511 et
1089 2448 1195 2529 decipl-

177 2592 245 2636 σεις.
279 2566 432 2651 Frequens
457 2566 633 2629 huiusmodi
656 2566 803 2647 ἀγράφων
824 2565 981 2644 δογμάτων
1004 2568 1125 2631 mentio
1149 2583 1195 2634 est

178 2685 259 2770 apud
283 2685 462 2749 recentiores
486 2684 623 2749 Platonis
647 2693 677 2748 et
694 2684 868 2748 Aristotelis
884 2686 1081 2770 interpretat,
1102 2688 1196 2753 Alex·

179 2802 307 2867 andrum
338 2801 575 2887 Aphrodisium,
603 2801 819 2879 Themistium,
843 2801 1065 2888 Porphyrium,
1095 2803 1198 2890 Syria-

181 2944 272 2997 num,
301 2921 461 2999 Proclum,
483 2921 688 3006 Simplicium,
705 2920 876 2985 Johannem
893 2920 1121 3006 Philoponum,
1142 2927 1198 3010 qui

182 3063 218 3105 ex
240 3041 288 3105 his
311 3040 409 3104 multa
432 3042 513 3122 (vera
535 3063 572 3104 an
596 3040 686 3118 falsa,
711 3062 793 3104 nunc
817 3063 881 3103 non
905 3045 1028 3126 quaero)
1041 3042 1198 3125 afferunt,

183 3182 259 3246 quae
284 3183 300 3224 e
323 3159 459 3222 Platonis
482 3159 739 3244 disputationibus
763 3158 801 3222 de
825 3160 952 3223 summis
979 3182 1080 3226 rerum
1110 3166 1200 3248 priu-

183 3281 269 3366 cipiis
294 3279 387 3343 dueta
419 3286 449 3342 et
471 3279 611 3364 deinceps
635 3279 672 3345 ab
696 3279 760 3343 eius
785 3279 993 3359 auditoribus,
1011 3281 1198 3365 Aristotele,

183 3398 411 3485 Theophrasto,
429 3395 608 3474 Heraclide,
633 3398 793 3474 Hestiaeo,
819 3397 886 3461 aliis
909 3399 941 3462 in
961 3398 1137 3465 adversaria
1154 3428 1200 3469 re

185 3521 248 3584 lata
279 3527 333 3582 aut
364 3516 506 3602 operibus
538 3515 619 3580 edita
649 3540 713 3580 esse
744 3525 876 3580 narrant.
912 3516 1115 3584 NotissImum
1139 3522 1201 3588 hac

186 3640 217 3703 iu
241 3661 272 3703 re
296 3645 341 3702 est
366 3636 574 3700 testimonium
597 3635 745 3721 Simplicii
768 3636 800 3699 in
823 3635 991 3700 Comment.
1017 3637 1054 3701 ad
1077 3639 1201 3706 Aristo·

188 3758 255 3821 telis
287 3755 378 3839 Phys.
410 3755 462 3818 fol.
496 3756 558 3817 104
588 3753 631 3817 B:
663 3753 711 3817 aci
742 3753 775 3817 τὸ
805 3756 889 3831 μέγα
915 3755 944 3818 δὲ
966 3755 1015 3818 nal
1038 3756 1072 3820 τὸ
1096 3761 1202 3840 μικρὸν

187 3878 284 3957 ἀρχὰς
315 3874 399 3944 τιθεὶς
423 3871 536 3950 ἄπειρον
560 3869 630 3936 εἶναι
654 3873 755 3949 ἔλεγεν
779 3872 855 3954 (scil.
880 3872 892 3935 ὁ
918 3873 1054 3957 Πλάτων)
1079 3878 1109 3940 ἐν
1136 3889 1201 3951 τοῖς

189 3995 249 4074 περὶ
277 3996 408 4071 τάγαθοῦ
432 3992 546 4073 λόγοις,
571 3987 609 4061 οἷς
629 3993 642 4054 ὁ
667 3990 865 4070 Ἀριστοτέλης
885 3991 1133 4073 aal'Hpcxterba‘r
1147 4003 1201 4064 aa}

189 4119 330 4185 Ἑστιαῖος
355 4113 403 4176 acl
426 4113 509 4176 ἄλλοι
529 4116 579 4175 τοῦ
598 4111 753 4180 Πλάτωνος
773 4109 874 4190 ἑταῖροι
888 4112 1117 4190 παραγενόμενοι
1129 4116 1199 4183 ἆνε-
