2746 4950
674 336 735 401 176

246 539 389 605 Ceterum
419 540 502 626 quod
531 540 664 606 Crantor
692 541 781 619 dicit,
811 540 933 607 Platoni
953 541 990 606 id
1013 543 1053 607 ab
1074 543 1200 628 aequali·

202 659 259 724 bus
282 660 349 744 (ὑπὸ
358 666 415 725 (ὧν
429 660 507 744 τότε)
517 660 670 747 objectum
685 661 778 725 fuisse
786 709 796 739 ,
813 682 921 746 parum
936 660 1107 726 verisimile
1121 669 1199 748 puto.

201 777 233 842 si
259 777 396 843 Platonis
423 778 564 864 aequales
586 780 652 844 eius
674 779 816 844 laudibus
846 780 1017 845 obtrectare
1045 788 1143 866 atque
1163 782 1202 848 in·

200 899 372 962 ventionem
412 896 542 962 Politiae
571 899 600 962 ei
629 899 779 983 surripere
807 898 993 978 voluissent,
1024 899 1116 964 illam
1145 923 1201 966 uon

199 1014 381 1101 descriptam
403 1039 468 1081 esse
490 1015 639 1080 dixissent
661 1015 698 1081 ab
714 1015 936 1102 Aegyptiorum
949 1017 1126 1097 institutis,
1142 1019 1202 1104 qni·

198 1135 328 1201 busoum
357 1157 420 1199 non
451 1135 510 1198 nisi
539 1156 636 1220 pauca
667 1135 715 1200 illi
744 1144 829 1200 erant
855 1137 1047 1216 communia,
1076 1135 1134 1202 sed
1155 1159 1201 1222 po

196 1255 258 1318 tius
290 1277 308 1318 a
335 1253 469 1339 Lycurgi
498 1254 618 1338 legibus
647 1254 926 1340 Spartanorumque
953 1265 983 1319 et
1008 1255 1199 1321 Cretensium

195 1373 355 1438 institutis.
390 1372 516 1453 Quanta
538 1374 619 1442 enim
642 1373 809 1437 similitudo
834 1372 881 1437 his
906 1396 976 1438 cnm
998 1374 1144 1439 Platonis
1165 1375 1200 1438 ci·

194 1494 288 1557 vitate
310 1491 497 1570 intercedat,
524 1492 572 1556 vel
595 1515 631 1556 ex
643 1515 679 1556 eo
693 1500 836 1578 apparet,
848 1491 931 1576 quod
942 1493 1001 1556 viri
1012 1492 1101 1558 docti
1116 1493 1200 1557 dubii

195 1612 333 1689 haerent,
356 1618 461 1675 utrum
492 1611 711 1694 Aristophanes
738 1610 771 1674 in
797 1610 1014 1674 Ecclesiaausis
1038 1611 1199 1697 Spartano
1234 1622 1237 1629 '

194 1753 263 1794 rum
285 1730 427 1794 instituta
459 1752 498 1793 an
533 1728 672 1793 Platonis
707 1730 860 1793 civitatem
882 1728 1018 1794 deridere
1042 1731 1076 1793 in
1099 1732 1198 1796 animo

194 1848 351 1913 habuerit:
378 1871 449 1912 cum
471 1848 609 1932 utrisque
632 1849 714 1912 enim
729 1871 764 1912 ea
778 1870 870 1931 quam
886 1848 1021 1912 comicus
1038 1849 1084 1913 ibi
1100 1850 1198 1934 pingit

194 1968 357 2032 mulierum
387 1968 493 2038 civitas
516 1968 631 2052 optime
654 1968 804 2031 convenit
850 1966 960 2051 Itaque
984 1968 1093 2052 potins
1110 1967 1197 2033 oredo

193 2089 282 2151 istam
319 2085 524 2150 narrationem
560 2086 714 2149 inventam
747 2108 812 2149 esse
835 2085 873 2149 ab
903 2085 1005 2169 aliquo
1039 2085 1197 2151 Crantoris

192 2205 382 2290 aequalium,
406 2227 467 2287 quo
491 2205 567 2268 ratio
593 2202 658 2267 dari
682 2211 798 2289 posset,
825 2226 880 2267 cur
901 2202 991 2267 Plato
1013 2203 1048 2268 in
1070 2204 1196 2269 'limaeo

192 2326 298 2411 priscis
321 2323 558 2388 Atheniensibus
580 2323 697 2387 tribnat
718 2346 753 2387 ea
770 2323 913 2386 instituta
931 2344 1008 2406 quae
1028 2324 1195 2409 Aegyptio

191 2467 259 2507 rum
286 2442 408 2528 propria
434 2441 617 2507 haberentur
642 2463 780 2526 quaeque
806 2441 871 2527 ipse
901 2462 956 2525 pro
980 2442 1126 2526 partein
1143 2454 1195 2509 He

190 2563 300 2627 λιτείαιν
319 2561 489 2645 recepisset.

235 2670 377 2744 Ceterum
398 2701 435 2743 ex
458 2678 505 2741 his
528 2684 669 2763 apparet,
693 2699 756 2742 nou
774 2677 877 2741 deesse
896 2675 1019 2762 quidem
1038 2679 1074 2742 in
1092 2678 1194 2744 Plato

190 2801 237 2863 nis
256 2797 342 2862 libris
362 2797 488 2880 vestigia
510 2795 592 2860 unde
616 2795 693 2860 effici
714 2795 763 2860 vel
785 2796 859 2879 fingi
885 2794 1006 2860 licuerit
1027 2819 1101 2862 eum
1125 2798 1194 2863 Ori·

189 2923 288 2979 entem
318 2914 444 2991 adiisse,
474 2920 556 2977 certa
585 2920 686 2976 tamen
717 2911 809 2975 huius
832 2913 1083 2997 peregrinationis
1114 2916 1192 2981 indi·

188 3034 234 3097 cia
260 3034 292 3097 in
315 3032 435 3118 scriptis
458 3032 522 3095 eius
545 3053 607 3095 nou
629 3039 755 3094 exstare.
801 3030 894 3111 Quod
916 3039 1018 3096 autem
1041 3033 1082 3097 ad
1105 3037 1191 3100 testi·

187 3153 289 3216 monia
331 3152 440 3215 attinet
479 3172 557 3235 quae
586 3149 677 3213 modo
704 3149 858 3228 recensui,
896 3150 922 3213 si
952 3151 1189 3236 perpendimus,

186 3270 334 3355 primurn,
366 3277 474 3333 testem
505 3269 666 3352 antiquum
693 3274 724 3331 et
753 3266 932 3352 locupletem
964 3268 1002 3332 de
1033 3271 1190 3358 Aegyptio

186 3389 293 3453 itinere
317 3411 379 3452 mon
403 3395 531 3465 exstare,
555 3385 681 3463 deiude,
703 3386 828 3450 seriores
855 3387 908 3470 qui
930 3386 968 3450 de
991 3409 1027 3452 eo
1048 3390 1190 3456 referunt

184 3529 245 3591 quo
268 3507 390 3591 longius
413 3529 431 3569 a
453 3505 590 3569 Platonis
614 3511 748 3589 tempore
771 3503 902 3583 distant,
926 3527 961 3569 eo
984 3506 1143 3591 copiosius
1159 3518 1189 3575 et

181 3624 324 3689 disertius
352 3624 389 3688 de
420 3623 468 3687 his
499 3622 600 3706 loqui,
633 3645 668 3685 ee
694 3643 764 3686 vero
788 3622 898 3707 partim
921 3645 983 3687 non
1005 3629 1189 3692 conveniem-

181 3745 225 3808 tia
255 3767 319 3808 esse
357 3743 467 3828 partim
499 3742 606 3806 fictitia
635 3748 665 3805 et
696 3742 815 3826 inepta,
854 3741 1022 3826 Epistolam
1063 3755 1186 3827 autem,

179 3863 268 3926 ouius
294 3862 422 3945 scriptor
445 3868 524 3924 certe
547 3858 781 3941 antiquissimus
803 3860 889 3922 testis
912 3868 971 3938 est,
995 3862 1039 3925 ita
1061 3863 1103 3928 de
1127 3865 1186 3930 hoo

180 3981 287 4045 itinere
310 3980 410 4057 silere,
435 3978 569 4043 utillud
592 3977 714 4062 penitus
741 3978 894 4062 ignorasse
920 3979 1076 4044 videatur:
1112 3983 1185 4048 iude

181 4101 313 4185 profecto
336 4099 477 4182 colligere
503 4098 594 4175 licet,
626 4118 834 4180 quaecumque
861 4097 899 4160 de
913 4120 948 4161 ea
963 4121 993 4162 re
1013 4100 1185 4168 traduntur
