<?xml version="1.0" encoding="UTF-8"?>
<!DOCTYPE html PUBLIC "-//W3C//DTD XHTML 1.0 Transitional//EN"
    "http://www.w3.org/TR/xhtml1/DTD/xhtml1-transitional.dtd">
<html xmlns="http://www.w3.org/1999/xhtml" xml:lang="en" lang="en">
 <head>
  <title>
</title>
<meta http-equiv="Content-Type" content="text/html;charset=utf-8" />
  <meta name='ocr-system' content='tesseract 3.04.00' />
  <meta name='ocr-capabilities' content='ocr_page ocr_carea ocr_par ocr_line ocrx_word'/>
</head>
<body>
  <div class='ocr_page' id='page_1' title='image "./commentatiocrit00karsgoog_0165.png"; bbox 0 0 2746 4950; ppageno 0'>
   <div class='ocr_carea' id='block_1_1' title="bbox 649 354 710 415">
    <p class='ocr_par' dir='ltr' id='par_1_1' title="bbox 649 354 710 415">
     <span class='ocr_line' id='line_1_1' title="bbox 649 354 710 415; baseline -0.033 0"><span class='ocrx_word' id='word_1_1' title='bbox 649 354 710 415; x_wconf 85' lang='grc'><strong>136</strong></span> 
     </span>
    </p>
   </div>
   <div class='ocr_carea' id='block_1_2' title="bbox 95 559 1241 3617">
    <p class='ocr_par' dir='ltr' id='par_1_2' title="bbox 95 559 1241 3617">
     <span class='ocr_line' id='line_1_2' title="bbox 223 559 1184 644; baseline 0 -20"><span class='ocrx_word' id='word_1_2' title='bbox 223 561 347 624; x_wconf 88' lang='lat' dir='ltr'><strong>Mortuo</strong></span> <span class='ocrx_word' id='word_1_3' title='bbox 371 559 518 644; x_wconf 90' lang='lat' dir='ltr'><strong>Dionysio</strong></span> <span class='ocrx_word' id='word_1_4' title='bbox 542 582 636 643; x_wconf 91' lang='lat' dir='ltr'><strong>quum</strong></span> <span class='ocrx_word' id='word_1_5' title='bbox 660 561 690 622; x_wconf 88' lang='lat' dir='ltr'><strong>in</strong></span> <span class='ocrx_word' id='word_1_6' title='bbox 715 583 842 644; x_wconf 84' lang='lat' dir='ltr'><strong>regnum</strong></span> <span class='ocrx_word' id='word_1_7' title='bbox 865 563 1060 626; x_wconf 81' lang='lat' dir='ltr'><strong>successisset</strong></span> <span class='ocrx_word' id='word_1_8' title='bbox 1086 563 1184 640; x_wconf 91' lang='lat' dir='ltr'><strong>filius,</strong></span> 
     </span>
     <span class='ocr_line' id='line_1_3' title="bbox 180 677 1185 762; baseline 0.002 -21"><span class='ocrx_word' id='word_1_9' title='bbox 180 680 245 757; x_wconf 90' lang='lat' dir='ltr'><strong>hic,</strong></span> <span class='ocrx_word' id='word_1_10' title='bbox 278 677 424 742; x_wconf 78' lang='lat' dir='ltr'><strong>suadente</strong></span> <span class='ocrx_word' id='word_1_11' title='bbox 454 678 571 754; x_wconf 91' lang='lat' dir='ltr'><strong>Dione,</strong></span> <span class='ocrx_word' id='word_1_12' title='bbox 603 678 657 761; x_wconf 92' lang='lat' dir='ltr'><strong>qui</strong></span> <span class='ocrx_word' id='word_1_13' title='bbox 687 679 826 762; x_wconf 78' lang='lat' dir='ltr'><strong>sperabat</strong></span> <span class='ocrx_word' id='word_1_14' title='bbox 848 680 887 750; x_wconf 82' lang='grc' dir='ltr'><strong>είς</strong></span> <span class='ocrx_word' id='word_1_15' title='bbox 914 681 1070 756; x_wconf 78' lang='grc' dir='ltr'><strong><em>ἐπιθυμίαν</em></strong></span> <span class='ocrx_word' id='word_1_16' title='bbox 1095 681 1185 744; x_wconf 80' lang='grc' dir='ltr'><strong><em>ἐλίείν</em></strong></span> 
     </span>
     <span class='ocr_line' id='line_1_4' title="bbox 180 796 1185 882; baseline 0.002 -22"><span class='ocrx_word' id='word_1_17' title='bbox 180 798 266 863; x_wconf 80' lang='grc' dir='ltr'><strong><em>αὐτὸν</em></strong></span> <span class='ocrx_word' id='word_1_18' title='bbox 295 803 346 861; x_wconf 83' lang='grc' dir='ltr'><strong>τοῦ</strong></span> <span class='ocrx_word' id='word_1_19' title='bbox 376 797 535 860; x_wconf 85' lang='grc' dir='ltr'><strong><em>καλλίστου</em></strong></span> <span class='ocrx_word' id='word_1_20' title='bbox 563 797 612 860; x_wconf 84' lang='grc' dir='ltr'><strong><em>καλ</em></strong></span> <span class='ocrx_word' id='word_1_21' title='bbox 643 796 759 877; x_wconf 80' lang='grc' dir='ltr'><strong><em>οίρίστου</em></strong></span> <span class='ocrx_word' id='word_1_22' title='bbox 780 797 845 873; x_wconf 93' lang='grc' dir='ltr'><strong><em>βίου</em></strong></span> <span class='ocrx_word' id='word_1_23' title='bbox 875 798 916 881; x_wconf 91' lang='lat' dir='ltr'><strong>(p.</strong></span> <span class='ocrx_word' id='word_1_24' title='bbox 940 800 1003 863; x_wconf 88' lang='grc'><strong>327</strong></span> <span class='ocrx_word' id='word_1_25' title='bbox 1030 798 1093 882; x_wconf 90' lang='lat' dir='ltr'><strong>D),</strong></span> <span class='ocrx_word' id='word_1_26' title='bbox 1118 797 1185 862; x_wconf 86' lang='lat' dir='ltr'><strong>Ple·</strong></span> 
     </span>
     <span class='ocr_line' id='line_1_5' title="bbox 178 914 1185 1002; baseline 0.001 -23"><span class='ocrx_word' id='word_1_27' title='bbox 178 927 280 980; x_wconf 89' lang='lat' dir='ltr'><strong>tonem</strong></span> <span class='ocrx_word' id='word_1_28' title='bbox 304 915 443 979; x_wconf 86' lang='lat' dir='ltr'><strong>invitavit</strong></span> <span class='ocrx_word' id='word_1_29' title='bbox 474 923 509 978; x_wconf 87' lang='lat' dir='ltr'><strong>ut</strong></span> <span class='ocrx_word' id='word_1_30' title='bbox 538 915 649 978; x_wconf 88' lang='lat' dir='ltr'><strong>iterum</strong></span> <span class='ocrx_word' id='word_1_31' title='bbox 680 915 712 977; x_wconf 92' lang='lat' dir='ltr'><strong>in</strong></span> <span class='ocrx_word' id='word_1_32' title='bbox 742 914 875 979; x_wconf 87' lang='lat' dir='ltr'><strong>Siciliam</strong></span> <span class='ocrx_word' id='word_1_33' title='bbox 898 917 1060 1002; x_wconf 85' lang='lat' dir='ltr'><strong>trajiceret</strong></span> <span class='ocrx_word' id='word_1_34' title='bbox 1111 917 1185 980; x_wconf 88' lang='lat' dir='ltr'><strong>Post</strong></span> 
     </span>
     <span class='ocr_line' id='line_1_6' title="bbox 177 1033 1186 1120; baseline 0 -22"><span class='ocrx_word' id='word_1_35' title='bbox 177 1036 282 1120; x_wconf 84' lang='lat' dir='ltr'><strong>longas</strong></span> <span class='ocrx_word' id='word_1_36' title='bbox 312 1034 543 1099; x_wconf 84' lang='lat' dir='ltr'><strong>deliberationes</strong></span> <span class='ocrx_word' id='word_1_37' title='bbox 577 1033 666 1097; x_wconf 87' lang='lat' dir='ltr'><strong>Plato</strong></span> <span class='ocrx_word' id='word_1_38' title='bbox 701 1034 972 1118; x_wconf 88' lang='lat' dir='ltr'><strong>obtemperandum</strong></span> <span class='ocrx_word' id='word_1_39' title='bbox 1008 1035 1118 1098; x_wconf 87' lang='lat' dir='ltr'><strong>amicis</strong></span> <span class='ocrx_word' id='word_1_40' title='bbox 1143 1059 1186 1099; x_wconf 90' lang='lat' dir='ltr'><strong>ra·</strong></span> 
     </span>
     <span class='ocr_line' id='line_1_7' title="bbox 177 1133 1241 1232; baseline 0.002 -15"><span class='ocrx_word' id='word_1_41' title='bbox 177 1165 242 1232; x_wconf 89' lang='lat' dir='ltr'><strong>tus,</strong></span> <span class='ocrx_word' id='word_1_42' title='bbox 266 1154 453 1230; x_wconf 81' lang='grc' dir='ltr'><strong><em>καταλιπὼν,</em></strong></span> <span class='ocrx_word' id='word_1_43' title='bbox 489 1151 581 1229; x_wconf 89' lang='lat' dir='ltr'><strong>dicit,</strong></span> <span class='ocrx_word' id='word_1_44' title='bbox 615 1152 671 1223; x_wconf 75' lang='grc' dir='ltr'><strong><em>τοὶς</em></strong></span> <span class='ocrx_word' id='word_1_45' title='bbox 695 1152 822 1227; x_wconf 83' lang='grc' dir='ltr'><strong><em>ἐμαυτοῦ</em></strong></span> <span class='ocrx_word' id='word_1_46' title='bbox 845 1152 996 1232; x_wconf 73' lang='grc' dir='ltr'><strong><em>διατριβὰς</em></strong></span> <span class='ocrx_word' id='word_1_47' title='bbox 1021 1153 1114 1224; x_wconf 82' lang='grc' dir='ltr'><strong><em>οὔσας</em></strong></span> <span class='ocrx_word' id='word_1_48' title='bbox 1138 1157 1186 1219; x_wconf 84' lang='grc' dir='ltr'><strong><em>οὐιι</em></strong></span> <span class='ocrx_word' id='word_1_49' title='bbox 1236 1133 1241 1138; x_wconf 91' lang='lat'><strong>.</strong></span> 
     </span>
     <span class='ocr_line' id='line_1_8' title="bbox 177 1271 1187 1357; baseline 0 -20"><span class='ocrx_word' id='word_1_50' title='bbox 177 1274 351 1353; x_wconf 70' lang='grc' dir='ltr'><strong><em>ἀσχήμονος</em></strong></span> <span class='ocrx_word' id='word_1_51' title='bbox 375 1271 417 1354; x_wconf 91' lang='lat' dir='ltr'><strong>(h.</strong></span> <span class='ocrx_word' id='word_1_52' title='bbox 445 1294 470 1335; x_wconf 89' lang='lat' dir='ltr'><strong>e.</strong></span> <span class='ocrx_word' id='word_1_53' title='bbox 495 1271 716 1355; x_wconf 77' lang='lat' dir='ltr'><strong>disputationes</strong></span> <span class='ocrx_word' id='word_1_54' title='bbox 739 1271 772 1334; x_wconf 93' lang='lat' dir='ltr'><strong>in</strong></span> <span class='ocrx_word' id='word_1_55' title='bbox 797 1271 986 1356; x_wconf 82' lang='lat' dir='ltr'><strong>Academia),</strong></span> <span class='ocrx_word' id='word_1_56' title='bbox 1021 1271 1187 1357; x_wconf 85' lang='lat' dir='ltr'><strong>Syracusas</strong></span> 
     </span>
     <span class='ocr_line' id='line_1_9' title="bbox 178 1390 1189 1476; baseline 0.002 -22"><span class='ocrx_word' id='word_1_57' title='bbox 178 1392 330 1475; x_wconf 84' lang='lat' dir='ltr'><strong>profectus</strong></span> <span class='ocrx_word' id='word_1_58' title='bbox 353 1414 438 1467; x_wconf 91' lang='lat' dir='ltr'><strong>sum,</strong></span> <span class='ocrx_word' id='word_1_59' title='bbox 462 1413 532 1455; x_wconf 91' lang='lat' dir='ltr'><strong>cum</strong></span> <span class='ocrx_word' id='word_1_60' title='bbox 556 1390 665 1454; x_wconf 91' lang='lat' dir='ltr'><strong>Dionis</strong></span> <span class='ocrx_word' id='word_1_61' title='bbox 688 1391 785 1474; x_wconf 86' lang='lat' dir='ltr'><strong>gratia</strong></span> <span class='ocrx_word' id='word_1_62' title='bbox 805 1397 871 1454; x_wconf 89' lang='lat' dir='ltr'><strong>tum</strong></span> <span class='ocrx_word' id='word_1_63' title='bbox 888 1391 1113 1476; x_wconf 88' lang='lat' dir='ltr'><strong>philosophiae.</strong></span> <span class='ocrx_word' id='word_1_64' title='bbox 1147 1393 1189 1456; x_wconf 91' lang='lat' dir='ltr'><strong>Ut</strong></span> 
     </span>
     <span class='ocr_line' id='line_1_10' title="bbox 177 1508 1186 1593; baseline 0.001 -19"><span class='ocrx_word' id='word_1_65' title='bbox 177 1533 246 1575; x_wconf 89' lang='lat' dir='ltr'><strong>vero</strong></span> <span class='ocrx_word' id='word_1_66' title='bbox 278 1509 402 1586; x_wconf 84' lang='lat' dir='ltr'><strong>adveni,</strong></span> <span class='ocrx_word' id='word_1_67' title='bbox 435 1509 531 1593; x_wconf 90' lang='lat' dir='ltr'><strong>reperi</strong></span> <span class='ocrx_word' id='word_1_68' title='bbox 568 1509 632 1572; x_wconf 90' lang='lat' dir='ltr'><strong>illic</strong></span> <span class='ocrx_word' id='word_1_69' title='bbox 659 1509 760 1572; x_wconf 86' lang='lat' dir='ltr'><strong>omnia</strong></span> <span class='ocrx_word' id='word_1_70' title='bbox 793 1508 923 1580; x_wconf 78' lang='grc' dir='ltr'><strong><em>στοίσιυς</em></strong></span> <span class='ocrx_word' id='word_1_71' title='bbox 955 1509 1003 1573; x_wconf 79' lang='grc' dir='ltr'><strong>καί</strong></span> <span class='ocrx_word' id='word_1_72' title='bbox 1040 1511 1186 1589; x_wconf 71' lang='grc' dir='ltr'><strong><em>διαβολῶν</em></strong></span> 
     </span>
     <span class='ocr_line' id='line_1_11' title="bbox 179 1626 1190 1712; baseline 0.001 -19"><span class='ocrx_word' id='word_1_73' title='bbox 179 1628 294 1708; x_wconf 84' lang='grc' dir='ltr'><strong><em>μεστοί,</em></strong></span> <span class='ocrx_word' id='word_1_74' title='bbox 322 1628 592 1691; x_wconf 83' lang='lat' dir='ltr'><strong>calumniatoribus</strong></span> <span class='ocrx_word' id='word_1_75' title='bbox 619 1627 749 1691; x_wconf 90' lang='lat' dir='ltr'><strong>Dionem</strong></span> <span class='ocrx_word' id='word_1_76' title='bbox 778 1626 1009 1691; x_wconf 88' lang='lat' dir='ltr'><strong>criminantibus</strong></span> <span class='ocrx_word' id='word_1_77' title='bbox 1036 1629 1125 1712; x_wconf 91' lang='lat' dir='ltr'><strong>quod</strong></span> <span class='ocrx_word' id='word_1_78' title='bbox 1148 1653 1190 1694; x_wconf 85' lang='lat' dir='ltr'><strong>re-</strong></span> 
     </span>
     <span class='ocr_line' id='line_1_12' title="bbox 180 1745 1189 1833; baseline 0 -21"><span class='ocrx_word' id='word_1_79' title='bbox 180 1771 273 1833; x_wconf 84' lang='lat' dir='ltr'><strong>gnum</strong></span> <span class='ocrx_word' id='word_1_80' title='bbox 304 1747 455 1810; x_wconf 83' lang='lat' dir='ltr'><strong>affectaret</strong></span> <span class='ocrx_word' id='word_1_81' title='bbox 474 1748 513 1831; x_wconf 87' lang='lat'><strong>¹),</strong></span> <span class='ocrx_word' id='word_1_82' title='bbox 549 1769 610 1830; x_wconf 91' lang='lat' dir='ltr'><strong>quo</strong></span> <span class='ocrx_word' id='word_1_83' title='bbox 640 1745 754 1809; x_wconf 88' lang='lat' dir='ltr'><strong>factum</strong></span> <span class='ocrx_word' id='word_1_84' title='bbox 786 1752 820 1810; x_wconf 91' lang='lat' dir='ltr'><strong>ut</strong></span> <span class='ocrx_word' id='word_1_85' title='bbox 850 1754 958 1829; x_wconf 88' lang='lat' dir='ltr'><strong>quarto</strong></span> <span class='ocrx_word' id='word_1_86' title='bbox 989 1747 1052 1810; x_wconf 88' lang='lat' dir='ltr'><strong>fere</strong></span> <span class='ocrx_word' id='word_1_87' title='bbox 1083 1771 1189 1812; x_wconf 90' lang='lat' dir='ltr'><strong>mense</strong></span> 
     </span>
     <span class='ocr_line' id='line_1_13' title="bbox 180 1864 1189 1952; baseline 0 -22"><span class='ocrx_word' id='word_1_88' title='bbox 180 1874 250 1952; x_wconf 89' lang='lat' dir='ltr'><strong>post</strong></span> <span class='ocrx_word' id='word_1_89' title='bbox 283 1865 446 1929; x_wconf 88' lang='lat' dir='ltr'><strong>adventum</strong></span> <span class='ocrx_word' id='word_1_90' title='bbox 480 1864 617 1928; x_wconf 88' lang='lat' dir='ltr'><strong>Platonis</strong></span> <span class='ocrx_word' id='word_1_91' title='bbox 651 1864 711 1928; x_wconf 91' lang='lat' dir='ltr'><strong>Dio</strong></span> <span class='ocrx_word' id='word_1_92' title='bbox 745 1887 763 1928; x_wconf 87' lang='lat' dir='ltr'><strong>a</strong></span> <span class='ocrx_word' id='word_1_93' title='bbox 796 1872 924 1949; x_wconf 84' lang='lat' dir='ltr'><strong>tyranno</strong></span> <span class='ocrx_word' id='word_1_94' title='bbox 958 1865 1108 1950; x_wconf 81' lang='lat' dir='ltr'><strong>expulsus</strong></span> <span class='ocrx_word' id='word_1_95' title='bbox 1133 1867 1189 1931; x_wconf 89' lang='lat' dir='ltr'><strong>sit:</strong></span> 
     </span>
     <span class='ocr_line' id='line_1_14' title="bbox 180 1981 1189 2064; baseline 0.001 -15"><span class='ocrx_word' id='word_1_96' title='bbox 180 1985 246 2064; x_wconf 76' lang='grc' dir='ltr'><strong><em>μηνί</em></strong></span> <span class='ocrx_word' id='word_1_97' title='bbox 281 1984 310 2049; x_wconf 74' lang='grc' dir='ltr'><strong>δὲ</strong></span> <span class='ocrx_word' id='word_1_98' title='bbox 343 1983 447 2064; x_wconf 78' lang='grc' dir='ltr'><strong><em>σχεδον</em></strong></span> <span class='ocrx_word' id='word_1_99' title='bbox 476 1981 542 2056; x_wconf 61' lang='lat' dir='ltr'><strong>tuuc</strong></span> <span class='ocrx_word' id='word_1_100' title='bbox 571 1981 701 2063; x_wconf 80' lang='grc' dir='ltr'><strong><em>τετοίοτῳ</em></strong></span> <span class='ocrx_word' id='word_1_101' title='bbox 730 1981 994 2055; x_wconf 77' lang='grc' dir='ltr'><strong><em>ΔίωναΔιονίσιος</em></strong></span> <span class='ocrx_word' id='word_1_102' title='bbox 1017 1985 1189 2061; x_wconf 78' lang='grc' dir='ltr'><strong><em>αἰτιώμενος</em></strong></span> 
     </span>
     <span class='ocr_line' id='line_1_15' title="bbox 181 2081 1190 2185; baseline 0.002 -17"><span class='ocrx_word' id='word_1_103' title='bbox 181 2102 375 2181; x_wconf 79' lang='grc' dir='ltr'><strong><em>ἐπιβουλεύειν</em></strong></span> <span class='ocrx_word' id='word_1_104' title='bbox 396 2112 433 2185; x_wconf 73' lang='grc' dir='ltr'><strong>τῇ</strong></span> <span class='ocrx_word' id='word_1_105' title='bbox 455 2081 594 2182; x_wconf 76' lang='grc' dir='ltr'><strong><em>τυραννι3ι</em></strong></span> <span class='ocrx_word' id='word_1_106' title='bbox 616 2102 732 2182; x_wconf 77' lang='grc' dir='ltr'><strong><em>σμικρὸν</em></strong></span> <span class='ocrx_word' id='word_1_107' title='bbox 755 2105 795 2174; x_wconf 83' lang='grc' dir='ltr'><strong>είς</strong></span> <span class='ocrx_word' id='word_1_108' title='bbox 814 2110 911 2168; x_wconf 86' lang='grc' dir='ltr'><strong><em>πλοίου</em></strong></span> <span class='ocrx_word' id='word_1_109' title='bbox 930 2104 1108 2182; x_wconf 65' lang='grc' dir='ltr'><strong><em>ἐμβιβάσας</em></strong></span> <span class='ocrx_word' id='word_1_110' title='bbox 1130 2105 1190 2183; x_wconf 81' lang='grc' dir='ltr'><strong>ἔξὲ·</strong></span> 
     </span>
     <span class='ocr_line' id='line_1_16' title="bbox 182 2220 1192 2309; baseline 0.001 -22"><span class='ocrx_word' id='word_1_111' title='bbox 182 2224 277 2300; x_wconf 87' lang='grc' dir='ltr'><strong><em>βαλεν</em></strong></span> <span class='ocrx_word' id='word_1_112' title='bbox 291 2224 413 2298; x_wconf 78' lang='grc' dir='ltr'><strong><em>οίτίμοιο.</em></strong></span> <span class='ocrx_word' id='word_1_113' title='bbox 439 2225 481 2306; x_wconf 90' lang='lat' dir='ltr'><strong>(p.</strong></span> <span class='ocrx_word' id='word_1_114' title='bbox 495 2224 558 2284; x_wconf 84' lang='grc'><strong>323</strong></span> <span class='ocrx_word' id='word_1_115' title='bbox 576 2220 621 2305; x_wconf 87' lang='lat' dir='ltr'><strong>O).</strong></span> <span class='ocrx_word' id='word_1_116' title='bbox 638 2221 753 2284; x_wconf 82' lang='lat' dir='ltr'><strong>Exacto</strong></span> <span class='ocrx_word' id='word_1_117' title='bbox 769 2221 881 2300; x_wconf 87' lang='lat' dir='ltr'><strong>Dione,</strong></span> <span class='ocrx_word' id='word_1_118' title='bbox 899 2221 987 2285; x_wconf 89' lang='lat' dir='ltr'><strong>Plato</strong></span> <span class='ocrx_word' id='word_1_119' title='bbox 1003 2245 1021 2285; x_wconf 92' lang='lat' dir='ltr'><strong>a</strong></span> <span class='ocrx_word' id='word_1_120' title='bbox 1037 2223 1192 2309; x_wconf 86' lang='lat' dir='ltr'><strong>Dionysio</strong></span> 
     </span>
     <span class='ocr_line' id='line_1_17' title="bbox 181 2339 1194 2450; baseline 0.002 -45"><span class='ocrx_word' id='word_1_121' title='bbox 181 2348 317 2406; x_wconf 88' lang='lat' dir='ltr'><strong>retentus</strong></span> <span class='ocrx_word' id='word_1_122' title='bbox 340 2349 386 2404; x_wconf 89' lang='lat' dir='ltr'><strong>est</strong></span> <span class='ocrx_word' id='word_1_123' title='bbox 409 2339 572 2450; x_wconf 76' lang='lat' dir='ltr'><strong>Syracusis.</strong></span> <span class='ocrx_word' id='word_1_124' title='bbox 618 2339 667 2403; x_wconf 80' lang='lat' dir='ltr'><strong>lbi</strong></span> <span class='ocrx_word' id='word_1_125' title='bbox 690 2340 826 2404; x_wconf 89' lang='lat' dir='ltr'><strong>habitare</strong></span> <span class='ocrx_word' id='word_1_126' title='bbox 849 2363 919 2404; x_wconf 91' lang='lat' dir='ltr'><strong>eum</strong></span> <span class='ocrx_word' id='word_1_127' title='bbox 939 2341 1031 2425; x_wconf 90' lang='lat' dir='ltr'><strong>jussit</strong></span> <span class='ocrx_word' id='word_1_128' title='bbox 1054 2342 1089 2406; x_wconf 91' lang='lat' dir='ltr'><strong>in</strong></span> <span class='ocrx_word' id='word_1_129' title='bbox 1110 2366 1194 2438; x_wconf 75' lang='lat' dir='ltr'><strong>acro-</strong></span> 
     </span>
     <span class='ocr_line' id='line_1_18' title="bbox 183 2458 1193 2547; baseline 0.004 -24"><span class='ocrx_word' id='word_1_130' title='bbox 183 2461 246 2547; x_wconf 92' lang='lat' dir='ltr'><strong>poli</strong></span> <span class='ocrx_word' id='word_1_131' title='bbox 276 2466 306 2524; x_wconf 91' lang='lat' dir='ltr'><strong>ot</strong></span> <span class='ocrx_word' id='word_1_132' title='bbox 336 2461 367 2523; x_wconf 88' lang='lat' dir='ltr'><strong>in</strong></span> <span class='ocrx_word' id='word_1_133' title='bbox 398 2459 462 2524; x_wconf 89' lang='lat' dir='ltr'><strong>dics</strong></span> <span class='ocrx_word' id='word_1_134' title='bbox 492 2459 588 2543; x_wconf 86' lang='lat' dir='ltr'><strong>magis</strong></span> <span class='ocrx_word' id='word_1_135' title='bbox 618 2458 775 2544; x_wconf 83' lang='lat' dir='ltr'><strong>magisque</strong></span> <span class='ocrx_word' id='word_1_136' title='bbox 802 2482 876 2527; x_wconf 86' lang='lat' dir='ltr'><strong>eum</strong></span> <span class='ocrx_word' id='word_1_137' title='bbox 907 2460 1003 2524; x_wconf 87' lang='lat' dir='ltr'><strong>coluit</strong></span> <span class='ocrx_word' id='word_1_138' title='bbox 1036 2468 1068 2525; x_wconf 92' lang='lat' dir='ltr'><strong>et</strong></span> <span class='ocrx_word' id='word_1_139' title='bbox 1105 2461 1193 2527; x_wconf 89' lang='lat' dir='ltr'><strong>blan·</strong></span> 
     </span>
     <span class='ocr_line' id='line_1_19' title="bbox 182 2552 1194 2664; baseline 0.005 -22"><span class='ocrx_word' id='word_1_140' title='bbox 182 2580 266 2643; x_wconf 87' lang='lat' dir='ltr'><strong>ditiis</strong></span> <span class='ocrx_word' id='word_1_141' title='bbox 293 2586 471 2664; x_wconf 89' lang='lat' dir='ltr'><strong>prosecutus</strong></span> <span class='ocrx_word' id='word_1_142' title='bbox 495 2587 557 2656; x_wconf 92' lang='lat' dir='ltr'><strong>est,</strong></span> <span class='ocrx_word' id='word_1_143' title='bbox 592 2586 627 2643; x_wconf 92' lang='lat' dir='ltr'><strong>ut</strong></span> <span class='ocrx_word' id='word_1_144' title='bbox 658 2580 723 2643; x_wconf 92' lang='lat' dir='ltr'><strong>eius</strong></span> <span class='ocrx_word' id='word_1_145' title='bbox 746 2552 873 2664; x_wconf 84' lang='lat' dir='ltr'><strong>gratiani</strong></span> <span class='ocrx_word' id='word_1_146' title='bbox 904 2579 961 2644; x_wconf 91' lang='lat' dir='ltr'><strong>sibi</strong></span> <span class='ocrx_word' id='word_1_147' title='bbox 991 2580 1178 2647; x_wconf 87' lang='lat' dir='ltr'><strong>conciliaret</strong></span> <span class='ocrx_word' id='word_1_148' title='bbox 1185 2610 1194 2662; x_wconf 91' lang='lat'>;</span> 
     </span>
     <span class='ocr_line' id='line_1_20' title="bbox 184 2697 1196 2786; baseline 0.006 -25"><span class='ocrx_word' id='word_1_149' title='bbox 184 2698 252 2776; x_wconf 89' lang='lat' dir='ltr'><strong>sed,</strong></span> <span class='ocrx_word' id='word_1_150' title='bbox 277 2698 359 2782; x_wconf 91' lang='lat' dir='ltr'><strong>quod</strong></span> <span class='ocrx_word' id='word_1_151' title='bbox 381 2699 510 2762; x_wconf 79' lang='lat' dir='ltr'><strong>maxime</strong></span> <span class='ocrx_word' id='word_1_152' title='bbox 533 2698 658 2781; x_wconf 88' lang='lat' dir='ltr'><strong>optabat</strong></span> <span class='ocrx_word' id='word_1_153' title='bbox 680 2697 787 2775; x_wconf 90' lang='lat' dir='ltr'><strong>Plato,</strong></span> <span class='ocrx_word' id='word_1_154' title='bbox 813 2708 847 2762; x_wconf 91' lang='lat' dir='ltr'><strong>ut</strong></span> <span class='ocrx_word' id='word_1_155' title='bbox 870 2698 1082 2784; x_wconf 87' lang='lat' dir='ltr'><strong>philosophiae</strong></span> <span class='ocrx_word' id='word_1_156' title='bbox 1109 2725 1196 2786; x_wconf 88' lang='lat' dir='ltr'><strong>prae·</strong></span> 
     </span>
     <span class='ocr_line' id='line_1_21' title="bbox 183 2815 1197 2900; baseline 0.005 -20"><span class='ocrx_word' id='word_1_157' title='bbox 183 2816 277 2900; x_wconf 90' lang='lat' dir='ltr'><strong>ceptis</strong></span> <span class='ocrx_word' id='word_1_158' title='bbox 315 2816 481 2900; x_wconf 86' lang='lat' dir='ltr'><strong>Dionysius</strong></span> <span class='ocrx_word' id='word_1_159' title='bbox 520 2815 691 2879; x_wconf 88' lang='lat' dir='ltr'><strong>erudiretur</strong></span> <span class='ocrx_word' id='word_1_160' title='bbox 728 2826 758 2880; x_wconf 91' lang='lat' dir='ltr'><strong>et</strong></span> <span class='ocrx_word' id='word_1_161' title='bbox 790 2815 917 2881; x_wconf 87' lang='lat' dir='ltr'><strong>disceret</strong></span> <span class='ocrx_word' id='word_1_162' title='bbox 946 2816 1059 2900; x_wconf 90' lang='lat' dir='ltr'><strong>quibus</strong></span> <span class='ocrx_word' id='word_1_163' title='bbox 1091 2820 1197 2885; x_wconf 93' lang='lat' dir='ltr'><strong>modis</strong></span> 
     </span>
     <span class='ocr_line' id='line_1_22' title="bbox 185 2934 1198 3003; baseline 0.004 -5"><span class='ocrx_word' id='word_1_164' title='bbox 185 2935 305 2999; x_wconf 86' lang='lat' dir='ltr'><strong>Siciliae</strong></span> <span class='ocrx_word' id='word_1_165' title='bbox 341 2935 477 2998; x_wconf 87' lang='lat' dir='ltr'><strong>civitates</strong></span> <span class='ocrx_word' id='word_1_166' title='bbox 516 2934 649 2998; x_wconf 89' lang='lat' dir='ltr'><strong>desertas</strong></span> <span class='ocrx_word' id='word_1_167' title='bbox 686 2935 845 2999; x_wconf 86' lang='lat' dir='ltr'><strong>restituere</strong></span> <span class='ocrx_word' id='word_1_168' title='bbox 885 2942 916 2999; x_wconf 91' lang='lat' dir='ltr'><strong>et</strong></span> <span class='ocrx_word' id='word_1_169' title='bbox 946 2959 963 2999; x_wconf 90' lang='lat' dir='ltr'><strong>a</strong></span> <span class='ocrx_word' id='word_1_170' title='bbox 991 2935 1198 3003; x_wconf 87' lang='lat' dir='ltr'><strong>barbarorum</strong></span> 
     </span>
     <span class='ocr_line' id='line_1_23' title="bbox 183 3053 1198 3140; baseline 0.004 -23"><span class='ocrx_word' id='word_1_171' title='bbox 183 3057 257 3140; x_wconf 82' lang='lat' dir='ltr'><strong>jugo</strong></span> <span class='ocrx_word' id='word_1_172' title='bbox 289 3054 414 3118; x_wconf 87' lang='lat' dir='ltr'><strong>liberare</strong></span> <span class='ocrx_word' id='word_1_173' title='bbox 445 3061 545 3138; x_wconf 90' lang='lat' dir='ltr'><strong>posset</strong></span> <span class='ocrx_word' id='word_1_174' title='bbox 575 3055 616 3138; x_wconf 89' lang='lat' dir='ltr'><strong>(p.</strong></span> <span class='ocrx_word' id='word_1_175' title='bbox 641 3056 704 3117; x_wconf 91' lang='grc'><strong>332</strong></span> <span class='ocrx_word' id='word_1_176' title='bbox 730 3053 784 3138; x_wconf 82' lang='grc' dir='ltr'><strong>Ε),</strong></span> <span class='ocrx_word' id='word_1_177' title='bbox 809 3053 841 3117; x_wconf 93' lang='lat' dir='ltr'><strong>id</strong></span> <span class='ocrx_word' id='word_1_178' title='bbox 864 3055 961 3118; x_wconf 85' lang='lat' dir='ltr'><strong>facere</strong></span> <span class='ocrx_word' id='word_1_179' title='bbox 989 3055 1109 3118; x_wconf 90' lang='lat' dir='ltr'><strong>noluit:</strong></span> <span class='ocrx_word' id='word_1_180' title='bbox 1135 3059 1198 3134; x_wconf 75' lang='grc' dir='ltr'><strong>ἐγὼ</strong></span> 
     </span>
     <span class='ocr_line' id='line_1_24' title="bbox 188 3171 1197 3259; baseline 0.005 -24"><span class='ocrx_word' id='word_1_181' title='bbox 188 3173 216 3236; x_wconf 78' lang='grc' dir='ltr'><strong>δὲ</strong></span> <span class='ocrx_word' id='word_1_182' title='bbox 250 3173 351 3238; x_wconf 87' lang='grc' dir='ltr'><strong><em>ποίντα</em></strong></span> <span class='ocrx_word' id='word_1_183' title='bbox 381 3171 535 3251; x_wconf 80' lang='grc' dir='ltr'><strong><em>ὑπέμενον,</em></strong></span> <span class='ocrx_word' id='word_1_184' title='bbox 550 3221 557 3236; x_wconf 89' lang='grc'><strong>.</strong></span> <span class='ocrx_word' id='word_1_185' title='bbox 572 3221 601 3237; x_wconf 92' lang='grc'><strong>..</strong></span> <span class='ocrx_word' id='word_1_186' title='bbox 632 3174 645 3236; x_wconf 79' lang='grc' dir='ltr'><strong>ο’</strong></span> <span class='ocrx_word' id='word_1_187' title='bbox 676 3173 699 3236; x_wconf 77' lang='grc' dir='ltr'><strong>δ’</strong></span> <span class='ocrx_word' id='word_1_188' title='bbox 711 3174 834 3248; x_wconf 73' lang='grc' dir='ltr'><strong><em>ἐνίκησεν</em></strong></span> <span class='ocrx_word' id='word_1_189' title='bbox 864 3173 1024 3238; x_wconf 79' lang='grc' dir='ltr'><strong><em>οξντιτείυοιν</em></strong></span> <span class='ocrx_word' id='word_1_190' title='bbox 1053 3175 1098 3259; x_wconf 93' lang='lat' dir='ltr'><strong>(p.</strong></span> <span class='ocrx_word' id='word_1_191' title='bbox 1129 3179 1197 3240; x_wconf 83' lang='lat'><strong>330</strong></span> 
     </span>
     <span class='ocr_line' id='line_1_25' title="bbox 188 3290 1200 3377; baseline 0.004 -22"><span class='ocrx_word' id='word_1_192' title='bbox 188 3292 235 3376; x_wconf 84' lang='lat' dir='ltr'><strong>B).</strong></span> <span class='ocrx_word' id='word_1_193' title='bbox 297 3290 346 3355; x_wconf 91' lang='lat' dir='ltr'><strong>Ne</strong></span> <span class='ocrx_word' id='word_1_194' title='bbox 388 3292 492 3376; x_wconf 88' lang='lat' dir='ltr'><strong>plura,</strong></span> <span class='ocrx_word' id='word_1_195' title='bbox 528 3300 696 3377; x_wconf 86' lang='lat' dir='ltr'><strong>postremo,</strong></span> <span class='ocrx_word' id='word_1_196' title='bbox 733 3291 887 3356; x_wconf 85' lang='lat' dir='ltr'><strong>occasione</strong></span> <span class='ocrx_word' id='word_1_197' title='bbox 918 3292 990 3356; x_wconf 91' lang='lat' dir='ltr'><strong>belli</strong></span> <span class='ocrx_word' id='word_1_198' title='bbox 1024 3293 1055 3355; x_wconf 90' lang='lat' dir='ltr'><strong>in</strong></span> <span class='ocrx_word' id='word_1_199' title='bbox 1090 3293 1200 3359; x_wconf 87' lang='lat' dir='ltr'><strong>Sicilia</strong></span> 
     </span>
     <span class='ocr_line' id='line_1_26' title="bbox 188 3409 1200 3495; baseline 0.003 -22"><span class='ocrx_word' id='word_1_200' title='bbox 188 3411 298 3487; x_wconf 84' lang='lat' dir='ltr'><strong>exorti,</strong></span> <span class='ocrx_word' id='word_1_201' title='bbox 322 3409 410 3474; x_wconf 86' lang='lat' dir='ltr'><strong>Plato</strong></span> <span class='ocrx_word' id='word_1_202' title='bbox 434 3434 452 3475; x_wconf 88' lang='lat' dir='ltr'><strong>a</strong></span> <span class='ocrx_word' id='word_1_203' title='bbox 473 3411 621 3495; x_wconf 90' lang='lat' dir='ltr'><strong>Dionysio</strong></span> <span class='ocrx_word' id='word_1_204' title='bbox 645 3409 776 3475; x_wconf 86' lang='lat' dir='ltr'><strong>abeundi</strong></span> <span class='ocrx_word' id='word_1_205' title='bbox 800 3411 916 3474; x_wconf 89' lang='lat' dir='ltr'><strong>veniam</strong></span> <span class='ocrx_word' id='word_1_206' title='bbox 940 3410 1135 3494; x_wconf 89' lang='lat' dir='ltr'><strong>impetravit,</strong></span> <span class='ocrx_word' id='word_1_207' title='bbox 1163 3437 1200 3478; x_wconf 89' lang='lat' dir='ltr'><strong>ea</strong></span> 
     </span>
     <span class='ocr_line' id='line_1_27' title="bbox 95 3502 1201 3617; baseline 0.004 -25"><span class='ocrx_word' id='word_1_208' title='bbox 95 3606 97 3610; x_wconf 11' lang='lat' dir='ltr'><strong>y</strong></span> <span class='ocrx_word' id='word_1_209' title='bbox 188 3502 361 3593; x_wconf 89' lang='lat' dir='ltr'><strong>conditione</strong></span> <span class='ocrx_word' id='word_1_210' title='bbox 384 3538 432 3607; x_wconf 89' lang='lat' dir='ltr'><strong>ut,</strong></span> <span class='ocrx_word' id='word_1_211' title='bbox 457 3552 530 3614; x_wconf 89' lang='lat' dir='ltr'><strong>pace</strong></span> <span class='ocrx_word' id='word_1_212' title='bbox 553 3530 736 3615; x_wconf 88' lang='lat' dir='ltr'><strong>composita,</strong></span> <span class='ocrx_word' id='word_1_213' title='bbox 761 3552 830 3594; x_wconf 91' lang='lat' dir='ltr'><strong>cum</strong></span> <span class='ocrx_word' id='word_1_214' title='bbox 854 3530 953 3594; x_wconf 90' lang='lat' dir='ltr'><strong>Dione</strong></span> <span class='ocrx_word' id='word_1_215' title='bbox 976 3529 1092 3593; x_wconf 88' lang='lat' dir='ltr'><strong>rediret</strong></span> <span class='ocrx_word' id='word_1_216' title='bbox 1108 3531 1201 3617; x_wconf 85' lang='lat' dir='ltr'><strong>Syra-</strong></span> 
     </span>
    </p>
   </div>
   <div class='ocr_carea' id='block_1_3' title="bbox 188 3647 1202 3734">
    <p class='ocr_par' dir='ltr' id='par_1_3' title="bbox 188 3647 1202 3734">
     <span class='ocr_line' id='line_1_28' title="bbox 188 3647 1202 3734; baseline 0.004 -21"><span class='ocrx_word' id='word_1_217' title='bbox 188 3672 284 3713; x_wconf 88' lang='lat' dir='ltr'><strong>cusas.</strong></span> <span class='ocrx_word' id='word_1_218' title='bbox 310 3648 474 3712; x_wconf 87' lang='lat' dir='ltr'><strong>Discedens</strong></span> <span class='ocrx_word' id='word_1_219' title='bbox 498 3650 651 3734; x_wconf 87' lang='lat' dir='ltr'><strong>profectus</strong></span> <span class='ocrx_word' id='word_1_220' title='bbox 674 3656 720 3713; x_wconf 89' lang='lat' dir='ltr'><strong>est</strong></span> <span class='ocrx_word' id='word_1_221' title='bbox 741 3649 923 3727; x_wconf 77' lang='lat' dir='ltr'><strong>Tarentum,</strong></span> <span class='ocrx_word' id='word_1_222' title='bbox 948 3649 1002 3712; x_wconf 91' lang='lat' dir='ltr'><strong>ubi</strong></span> <span class='ocrx_word' id='word_1_223' title='bbox 1024 3647 1202 3734; x_wconf 91' lang='lat' dir='ltr'><strong>hospitium</strong></span> 
     </span>
    </p>
   </div>
   <div class='ocr_carea' id='block_1_4' title="bbox 194 3833 384 3842">
    <p class='ocr_par' dir='ltr' id='par_1_4' title="bbox 194 3833 384 3842">
     <span class='ocr_line' id='line_1_29' title="bbox 194 3833 384 3842; baseline 0.011 -2"><span class='ocrx_word' id='word_1_224' title='bbox 194 3833 384 3842; x_wconf 50' lang='grc'><strong>*-</strong></span> 
     </span>
    </p>
   </div>
   <div class='ocr_carea' id='block_1_5' title="bbox 190 3947 1204 4224">
    <p class='ocr_par' dir='ltr' id='par_1_5' title="bbox 190 3947 1204 4224">
     <span class='ocr_line' id='line_1_30' title="bbox 223 3947 1203 4013; baseline 0 -15"><span class='ocrx_word' id='word_1_225' title='bbox 223 3951 245 4009; x_wconf 89' lang='grc'><strong>1)</strong></span> <span class='ocrx_word' id='word_1_226' title='bbox 263 3950 331 3999; x_wconf 80' lang='lat' dir='ltr'><strong>Inter</strong></span> <span class='ocrx_word' id='word_1_227' title='bbox 349 3949 432 3998; x_wconf 80' lang='lat' dir='ltr'><strong>Dionis</strong></span> <span class='ocrx_word' id='word_1_228' title='bbox 448 3949 588 4013; x_wconf 81' lang='lat' dir='ltr'><strong>eosdemque</strong></span> <span class='ocrx_word' id='word_1_229' title='bbox 605 3949 712 3998; x_wconf 86' lang='lat' dir='ltr'><strong>Platonis</strong></span> <span class='ocrx_word' id='word_1_230' title='bbox 728 3948 875 3998; x_wconf 83' lang='lat' dir='ltr'><strong>adversarios</strong></span> <span class='ocrx_word' id='word_1_231' title='bbox 892 3947 1016 4012; x_wconf 86' lang='lat' dir='ltr'><strong>praecipue</strong></span> <span class='ocrx_word' id='word_1_232' title='bbox 1034 3947 1203 3998; x_wconf 79' lang='lat' dir='ltr'><strong>nominandus</strong></span> 
     </span>
     <span class='ocr_line' id='line_1_31' title="bbox 190 4045 1204 4112; baseline 0.005 -18"><span class='ocrx_word' id='word_1_233' title='bbox 190 4045 319 4104; x_wconf 84' lang='lat' dir='ltr'><strong>Philistus,</strong></span> <span class='ocrx_word' id='word_1_234' title='bbox 332 4045 399 4096; x_wconf 85' lang='lat' dir='ltr'><strong>ouius</strong></span> <span class='ocrx_word' id='word_1_235' title='bbox 411 4045 502 4095; x_wconf 87' lang='lat' dir='ltr'><strong>mentio</strong></span> <span class='ocrx_word' id='word_1_236' title='bbox 519 4046 547 4094; x_wconf 89' lang='lat' dir='ltr'><strong>fit</strong></span> <span class='ocrx_word' id='word_1_237' title='bbox 564 4047 587 4093; x_wconf 93' lang='lat' dir='ltr'><strong>in</strong></span> <span class='ocrx_word' id='word_1_238' title='bbox 603 4046 648 4111; x_wconf 78' lang='lat' dir='ltr'><strong>up.</strong></span> <span class='ocrx_word' id='word_1_239' title='bbox 661 4046 702 4095; x_wconf 89' lang='lat' dir='ltr'><strong>Ill</strong></span> <span class='ocrx_word' id='word_1_240' title='bbox 711 4084 718 4104; x_wconf 95' lang='lat'><strong>,</strong></span> <span class='ocrx_word' id='word_1_241' title='bbox 727 4061 751 4110; x_wconf 90' lang='lat' dir='ltr'><strong>p.</strong></span> <span class='ocrx_word' id='word_1_242' title='bbox 763 4047 810 4094; x_wconf 81' lang='lat'><strong>315</strong></span> <span class='ocrx_word' id='word_1_243' title='bbox 822 4045 972 4112; x_wconf 72' lang='grc' dir='ltr'><strong>Ειᾶδηνγίφ</strong></span> <span class='ocrx_word' id='word_1_244' title='bbox 981 4045 1204 4099; x_wconf 60' lang='lat' dir='ltr'><strong>macilentam,</strong></span> 
     </span>
     <span class='ocr_line' id='line_1_32' title="bbox 190 4140 1101 4224; baseline -0.002 -31"><span class='ocrx_word' id='word_1_245' title='bbox 190 4143 227 4195; x_wconf 83' lang='grc' dir='ltr'><strong><em>κοιλ</em></strong></span> <span class='ocrx_word' id='word_1_246' title='bbox 244 4144 316 4194; x_wconf 72' lang='grc' dir='ltr'><strong><em>ἄλλον</em></strong></span> <span class='ocrx_word' id='word_1_247' title='bbox 331 4143 465 4193; x_wconf 78' lang='grc' dir='ltr'><strong><em>πολλῶν...</em></strong></span> <span class='ocrx_word' id='word_1_248' title='bbox 483 4140 615 4208; x_wconf 64' lang='grc' dir='ltr'><strong><em>διεβλήθην,</em></strong></span> <span class='ocrx_word' id='word_1_249' title='bbox 633 4157 676 4206; x_wconf 88' lang='lat' dir='ltr'><strong>pro</strong></span> <span class='ocrx_word' id='word_1_250' title='bbox 693 4157 739 4205; x_wconf 89' lang='lat' dir='ltr'><strong>qno</strong></span> <span class='ocrx_word' id='word_1_251' title='bbox 757 4140 881 4206; x_wconf 76' lang='lat' dir='ltr'><strong>legendum</strong></span> <span class='ocrx_word' id='word_1_252' title='bbox 897 4142 1005 4192; x_wconf 72' lang='grc' dir='ltr'><strong><em>Φιλίστου.</em></strong></span> <span class='ocrx_word' id='word_1_253' title='bbox 1098 4218 1101 4224; x_wconf 91' lang='lat'><strong>.</strong></span> 
     </span>
    </p>
   </div>
   <div class='ocr_carea' id='block_1_6' title="bbox 0 0 1390 4950">
    <p class='ocr_par' dir='ltr' id='par_1_6' title="bbox 0 0 1390 4950">
     <span class='ocr_line' id='line_1_33' title="bbox 0 0 1390 4950; baseline 0 0"><span class='ocrx_word' id='word_1_254' title='bbox 0 0 1390 4950; x_wconf 95' lang='lat' dir='ltr'><strong> </strong></span> 
     </span>
    </p>
   </div>
  </div>
 </body>
</html>
