2746 4950
658 358 717 421 167

183 569 297 640 morat,
330 562 362 627 id
388 571 489 627 tamen
512 586 629 627 sumere
652 563 774 640 debuit,
799 564 961 646 quoniam,
986 566 1011 629 si
1034 589 1069 629 ex
1093 567 1184 631 Italia

182 681 285 743 statim
308 681 340 743 in
363 682 536 765 Aegyptum
559 681 712 765 profectus
736 687 798 758 est,
822 681 894 744 inde
917 682 1008 746 rediit
1030 685 1181 763 Athenas,

182 820 302 862 necesse
325 799 383 862 fuit
406 822 475 863 enm
498 800 610 863 iterum
632 799 664 863 in
688 798 810 863 Italiam
833 800 973 879 tendere,
998 801 1068 866 inde
1091 804 1124 866 in
1140 803 1185 868 Si·

182 916 282 980 ciliam
304 918 506 1002 trajecterum.
545 915 644 980 Ceteri
667 917 825 1001 scriptores
850 917 903 1000 qui
925 918 1034 984 itinera
1056 941 1183 985 comme·

182 1041 316 1111 morant,
339 1035 372 1098 in
395 1034 452 1098 hoc
476 1056 597 1118 quoque
620 1034 785 1113 dissident,
810 1035 892 1118 quod
915 1037 1053 1125 aliienm
1068 1031 1129 1103 non
1146 1062 1182 1103 ex

182 1152 273 1215 Italia
294 1153 327 1215 in
349 1154 524 1237 Aegyptum
545 1152 594 1216 vel
616 1150 770 1237 Cyrenen,
797 1153 850 1217 sed
866 1153 998 1238 primum
1016 1155 1049 1219 in
1064 1157 1183 1241 Aegyp·

182 1277 266 1348 tum,
290 1277 359 1355 post
381 1271 414 1335 in
437 1271 559 1334 Italiam
582 1271 751 1355 profectum
774 1271 890 1337 dicunt.

227 1387 350 1467 Cicero,
375 1389 412 1453 de
439 1388 514 1475 Rep.
539 1388 573 1467 I,
600 1392 657 1453 10:
681 1389 835 1468 „Audisse
860 1397 889 1454 te
911 1391 1001 1455 credo
1023 1391 1182 1456 Platonem

182 1507 303 1571 Socrate
333 1515 453 1571 mortuo
484 1508 615 1592 primum
646 1508 678 1571 in
709 1508 883 1593 Aegyptum
914 1508 1050 1574 discendi
1073 1534 1182 1589 causa,

182 1633 252 1710 post
281 1625 313 1688 in
343 1624 464 1688 Italiam
496 1634 526 1689 et
545 1625 678 1689 Siciliam
700 1626 908 1704 contendisse,
936 1634 972 1691 ut
994 1628 1182 1713 Pythagorae

182 1743 305 1808 inventa
327 1743 540 1828 perdisceret.'’
563 1743 610 1807 De
630 1744 696 1807 Pin.
713 1743 759 1821 V,
777 1747 836 1807 29:
860 1743 946 1822 „Gur
961 1745 1049 1809 Plato
1065 1747 1183 1832 Aegyp·

181 1869 249 1926 tum
272 1864 460 1947 peragravit,
495 1869 531 1926 nt
561 1885 579 1925 a
603 1862 808 1926 sacerdotibus
831 1862 966 1927 barbaris
988 1887 1129 1928 numeros
1153 1875 1183 1930 et

183 1981 325 2046 coelestia
355 1975 525 2067 acciperet?
556 2004 610 2045 cur
640 1989 709 2066 post
738 1981 903 2046 Tarentum
934 1983 971 2046 ad
998 1984 1181 2068 Archytam,

181 2122 237 2164 our
274 2098 312 2162 ad
345 2098 478 2183 reliquos
509 2099 732 2184 PythagoreoS,
763 2099 976 2179 Echecratem,
1007 2101 1181 2182 Timaeum,

182 2217 344 2282 Acrionem
366 2216 495 2295 Locros,
521 2227 574 2297 ut,
606 2243 701 2304 quum
723 2218 875 2284 Socratem
899 2221 1109 2304 expressisset,
1133 2221 1183 2285 ad-

177 2336 320 2422 jungeret
343 2335 602 2421 Pythagoreorum
625 2333 817 2422 disciplinam
840 2360 935 2422 eaque
951 2361 1028 2423 quae
1044 2339 1182 2403 Socrates

180 2454 360 2540 repudiabat
387 2455 595 2520 addisceret?'’
626 2455 672 2520 Os.
693 2456 783 2520 Tusa.
804 2456 836 2534 I,
853 2459 911 2535 173
925 2457 962 2521 de
969 2456 1039 2522 Sen.
1052 2480 1077 2523 o.
1094 2461 1144 2523 12.
1159 2459 1183 2542 1)

226 2575 493 2639 Animadvertatur
516 2574 692 2640 Ciceronem
715 2575 830 2654 dicere,
856 2578 1063 2659 cumprimum
1078 2577 1110 2641 in
1125 2580 1183 2642 Ae·

181 2700 309 2779 gyptum
331 2693 501 2778 profectum
524 2716 603 2770 esse,
621 2699 691 2777 poet
713 2694 746 2757 in
768 2692 891 2757 ltaliam
912 2701 942 2757 et
957 2693 1106 2773 Siciliam,
1120 2717 1183 2759 non

181 2813 247 2876 iude
269 2812 301 2875 in
324 2811 459 2875 Italiam:
485 2832 577 2895 quare
600 2812 678 2876 nihil
701 2811 802 2876 obstat
825 2813 987 2896 quominus
1011 2814 1102 2878 verba
1117 2813 1181 2877 eius

181 2930 224 2993 sic
246 2929 479 3014 interpretemur
494 2930 587 3014 (quod
604 2931 697 2994 etiam
710 2952 763 3014 per
776 2931 942 3016 Apuleium
954 2930 1048 3014 licet),
1065 2953 1134 2995 eum
1146 2954 1182 2995 ex

182 3048 321 3131 Aegypto
343 3046 466 3111 rediisse
489 3048 522 3111 in
544 3048 688 3134 patriam,
713 3054 819 3132 postea
841 3048 913 3112 hinc
936 3047 1127 3113 contendisse
1149 3048 1181 3112 in

181 3165 313 3229 Italiam.
348 3164 397 3229 Sic
426 3167 485 3230 iter
507 3167 540 3230 iu
563 3168 739 3262 Aegyptum
762 3167 799 3232 ab
822 3168 929 3233 itinere
952 3168 985 3232 ‘m
1007 3167 1128 3232 Italiam
1152 3175 1182 3231 et

183 3283 317 3348 Siciliam
340 3284 522 3369 sejungitur.

226 3401 273 3466 Ex
310 3402 366 3466 hac
408 3398 589 3488 scriptorum
625 3403 706 3468 inter
742 3425 775 3468 se
805 3403 992 3468 dissensione
1022 3403 1099 3468 effici
1130 3425 1183 3489 po·

213 3746 236 3806 1)
254 3746 313 3795 Rem
330 3744 433 3794 strictim
450 3746 528 3811 tangit
544 3745 732 3812 quinctilianus,
750 3747 811 3796 Iuot.
826 3746 869 3795 Or.
881 3745 907 3805 I,
921 3745 968 3804 12,
981 3746 1026 3794 15:
1039 3743 1109 3804 „Non
1121 3760 1177 3792 con·

181 3845 262 3890 tentus
283 3840 414 3905 disciplinis
436 3850 494 3906 quas
510 3846 629 3906 praestare
646 3845 756 3907 poterunt
773 3842 893 3902 Athenae,
910 3857 958 3890 non
976 3829 1181 3904 Pythagoreorum

180 3937 210 3985 ad
233 3953 291 4000 quos
310 3937 336 3985 in
359 3936 456 3987 Italiam
479 3937 611 4002 congerit,
636 3937 739 4001 Aegypti
762 3953 855 4002 quoque
879 3937 1012 3987 sacerdotes
1035 3935 1093 3984 odiit
1110 3940 1180 3998 atquo

180 4048 262 4081 eorum
279 4048 363 4091 arcano
379 4031 530 4096 perdidicit.’'
547 4032 654 4082 Valerius
674 4033 800 4091 Maximus,
815 4033 888 4092 VIII,
902 4032 917 4085 7
923 4071 930 4092 ,
942 4033 1047 4096 priorem
1058 4030 1180 4081 Ciceronis

180 4130 258 4178 locum
277 4129 396 4178 describit.
465 4125 470 4139 ⁸
