2746 4950
653 345 712 405 152

178 552 345 637 (Plutarch.
371 552 461 616 Dion.
483 574 508 614 c.
523 554 592 635 31),
610 551 685 614 alter
701 550 836 613 eiusdem
853 549 992 634 Dionysii
1008 549 1111 628 filius,
1129 573 1187 614 ma

176 687 222 736 tre
245 678 336 735 natus
360 670 586 746 Aristomache,
611 670 718 733 Dionis
742 690 842 733 sorore
865 666 980 752 (Nepos
1003 669 1099 732 Dion.
1128 671 1186 752 l.),

177 791 230 874 qui
262 791 350 855 ambo
379 798 476 853 aetate
507 812 602 874 paene
626 812 712 873 pares
735 788 828 851 fnisse
851 787 994 852 videntur
1001 815 1010 864 ;
1037 811 1134 873 quare
1156 789 1187 852 in

178 911 320 995 ambiguo
345 921 408 986 est,
433 916 502 973 uter
524 908 633 977 horum
656 908 852 992 intelligatur.
885 907 1028 991 Plerique
1054 908 1094 971 de
1116 908 1186 972 Dio

177 1031 224 1094 nis
247 1030 310 1093 filio
338 1029 492 1113 cogitant3
526 1028 639 1112 quippe
673 1051 727 1112 par
750 1050 814 1091 esse
837 1050 905 1091 cum
929 1033 1014 1111 patre
1040 1029 1186 1114 conjungi

126 1221 133 1244 1
177 1148 362 1213 mentionem
383 1147 455 1225 filii,
481 1154 511 1210 et
530 1148 599 1232 jure
623 1147 735 1232 sperari
758 1168 863 1230 posse,
889 1146 986 1230 qualis
1010 1147 1187 1231 paterinis

179 1275 239 1342 set,
263 1266 355 1329 talem
379 1287 501 1349 quoque
525 1265 664 1328 futurum
689 1264 795 1328 filium.
839 1262 871 1327 Si
895 1286 963 1326 vero
987 1263 1075 1329 hunc
1098 1265 1184 1329 intel·

176 1384 251 1448 lexit
275 1383 419 1466 scriptor,
441 1383 524 1467 gravi
547 1382 650 1467 lapsus
676 1390 721 1445 est
744 1403 852 1445 errore.
877 1380 1016 1445 Relatum
1041 1391 1092 1446 est
1107 1384 1186 1448 enim

77 1561 80 1578 „
177 1502 214 1566 ab
238 1501 405 1577 historicis
431 1501 539 1564 Dionis
567 1500 679 1577 filium,
708 1522 769 1563 non
791 1500 890 1563 multo
913 1507 1079 1585 postquam
1103 1510 1187 1587 pater

178 1620 393 1704 Syracusarum
417 1619 543 1703 imperio
567 1618 683 1704 potitus
699 1624 790 1695 esset,
808 1617 942 1681 detecto
959 1618 1084 1682 aedium
1105 1642 1186 1704 prae

177 1739 301 1822 oipitem
324 1760 355 1800 se
378 1736 496 1801 dedisse
521 1759 616 1821 eoque
645 1759 716 1801 casu
742 1747 899 1801 mortuum
922 1759 1000 1801 esse:
1026 1760 1107 1821 quae
1122 1762 1186 1817 res,

179 1864 215 1920 ut
237 1855 341 1941 Nepos
365 1855 441 1919 dicit
463 1856 565 1939 (Dion.
590 1878 615 1919 c.
641 1859 671 1919 t.
695 1855 851 1920 Plutarch.
869 1878 894 1919 c.
921 1859 992 1940 55),
1017 1859 1106 1942 gravi
1122 1859 1187 1923 vnl-

176 2001 246 2041 nere
275 1977 374 2041 affecit
402 1977 498 2061 patris
526 1977 678 2054 animum,
714 1977 770 2040 etsi
804 1977 1005 2040 constantiam
1033 1977 1102 2042 eius
1126 2002 1187 2043 non

176 2095 282 2180 fregit:
304 2095 500 2179 quamobrem
522 2094 666 2158 laudatur
689 2095 725 2159 ab
750 2095 892 2171 Aeliano,
917 2093 989 2160 Var.
1012 2095 1095 2160 Hist.
1118 2097 1185 2176 ΠΙ,

176 2218 214 2292 4,
246 2221 275 2278 et
306 2237 324 2277 a
354 2214 536 2293 Plutarcho,
561 2214 683 2279 Consol.
708 2214 746 2278 ad
778 2215 921 2301 Apollon.
946 2239 976 2300 p.
1004 2218 1067 2278 119
1097 2217 1184 2281 AB.

178 2332 340 2413 Quomodo
363 2333 530 2397 ¹Platonem
560 2342 614 2397 aut
644 2334 776 2417 aliquem
806 2357 822 2398 e
846 2334 954 2398 Dionis
981 2334 1186 2400 familiaribus

178 2452 281 2536 sugere
304 2475 351 2516 res
374 2460 437 2516 tam
459 2451 600 2515 luctuosa
622 2451 747 2538 potuit?

223 2569 355 2634 Groteus
373 2569 479 2654 (Hist.
504 2570 538 2634 of
558 2569 611 2634 Gr.
635 2571 694 2634 vol.
719 2570 767 2649 X,
792 2595 823 2656 p.
847 2574 912 2634 436
934 2572 1009 2656 not.)
1041 2572 1187 2656 opinatur

177 2688 270 2751 Dioni
292 2687 370 2751 dnos
385 2688 478 2752 fuisse
493 2687 589 2765 filios,
607 2711 738 2772 quorum
756 2689 884 2752 alterum
897 2689 975 2773 patri
986 2692 1186 2774 superstitem

176 2807 283 2882 fuisse,
308 2807 484 2890 praesertim
507 2806 590 2891 qnod
612 2806 753 2870 Timaeus
772 2808 881 2871 Dionis
909 2807 1006 2871 filium
1026 2831 1090 2873 non
1109 2811 1186 2897 Hip

177 2924 334 3009 parinum,
352 2917 405 2988 sed
417 2925 579 2988 Aretaeum
594 2917 786 2989 nominatum
798 2948 862 2990 esse
874 2925 993 2991 dixerit.
1012 2929 1116 3011 Atqui
1128 2930 1186 2994 hoc

178 3042 338 3132 discrimen
360 3049 480 3107 tantum
503 3051 548 3107 est
570 3044 718 3108 nominis:
744 3068 814 3109 nam
834 3046 1017 3111 Plutarchus
1036 3047 1144 3132 (Dion.
1158 3075 1186 3116 c.

179 3164 232 3246 31)
245 3161 355 3226 diserte
375 3162 465 3238 dicit,
487 3185 573 3240 eum,
594 3164 644 3226 cui
659 3163 799 3227 Timaeus
813 3166 942 3229 Aretaeo
957 3188 1069 3230 nomen
1089 3168 1188 3234 fuisse

177 3281 328 3357 narravit,
353 3280 483 3344 eundem
505 3280 598 3344 fuisse
622 3303 712 3363 quem
727 3283 827 3346 ceteri
853 3282 1057 3368 Hipparinum
1082 3288 1188 3373 appel·

177 3399 288 3462 larunt.
318 3398 445 3462 Accedit
468 3398 550 3482 quod
571 3398 625 3462 illo
650 3400 798 3464 exstincto
814 3401 945 3465 Dionem
960 3399 1075 3466 ἄπαιδα
1089 3405 1186 3471 fuisse

179 3540 315 3601 expresse
327 3517 482 3602 proditum
498 3524 544 3580 est
567 3517 662 3602 (Plut.
676 3541 701 3582 c.
717 3520 789 3596 aon
804 3520 886 3603 quod
899 3520 1110 3586 testimoninm
1124 3547 1187 3609 quo

174 3637 243 3720 jure
267 3657 320 3720 pro
342 3636 418 3699 falso
433 3639 554 3700 rumore
571 3637 665 3722 possit
682 3637 803 3716 haberi,
825 3645 860 3701 ut
875 3639 1017 3724 opinatur
1030 3639 1186 3722 Groteus,

177 3753 242 3837 ipse
265 3753 382 3818 viderit.
426 3754 492 3818 Imo
516 3755 582 3839 ipsa
605 3756 678 3820 haec
702 3757 830 3841 epistola
852 3780 948 3821 unum
971 3757 1067 3823 Dioni
1082 3761 1186 3827 filium

178 3872 269 3935 fuisse
291 3895 353 3935 non
377 3872 503 3936 obscure
526 3874 651 3937 indicat.
667 3876 689 3958 ¹)
713 3874 762 3937 Ad
783 3875 992 3940 affirmandum
1016 3878 1075 3942 hoc
1100 3883 1188 3945 testi·

213 4146 235 4208 1)
254 4145 305 4194 vid.
323 4163 345 4213 p.
364 4148 411 4194 345
428 4146 459 4207 C,
473 4147 513 4197 ubi
524 4148 552 4199 da
564 4148 650 4196 Dionis
662 4147 848 4216 possessionibus
860 4164 931 4212 agens
943 4149 1074 4213 Dionysius
1085 4157 1187 4210 conten.
