2746 4950
663 364 725 427 164

194 571 293 636 ditum
323 579 424 636 autem
456 571 494 636 ab
525 571 582 635 hoc
614 571 721 634 itinere
747 590 844 653 usque
867 568 905 632 ad
927 568 1058 632 alterum
1080 568 1142 632 iter
1163 569 1194 632 in

191 689 325 753 Siciliam
351 689 587 754 intercesserunt
608 688 670 752 fere
692 689 799 772 viginti
823 688 903 752 anni.
936 686 1028 766 Quod
1044 689 1192 773 temporis

190 809 324 893 spatium
349 807 500 892 quomodo
526 809 718 892 transegerit,
744 807 871 891 epistola
891 806 1010 870 silentio
1027 807 1176 892 praeterit
1182 831 1192 885 3

189 928 221 991 in
244 928 374 991 transitu
397 934 519 991 tantum
542 934 746 991 memorantur
769 925 833 989 cius
856 924 1000 1006 διατριβαὶ
1023 927 1077 989 οὐκ
1093 926 1193 1006 ἀσχή-

189 1069 273 1123 μονες
304 1047 344 1130 (p.
376 1047 439 1109 329
475 1044 513 1129 Β)
541 1053 572 1109 et
600 1043 789 1130 praedicatur
818 1043 946 1106 facultas
977 1041 1042 1106 eius
1073 1065 1196 1128 persua·

189 1163 298 1241 dendi,
323 1185 384 1248 qua
407 1163 611 1227 adolescentes
634 1165 714 1226 inter
736 1184 767 1225 se
790 1164 829 1233 εἷς
851 1161 953 1245 φιλίων
975 1160 1024 1224 καὶ
1049 1162 1194 1243 ἑταιρείαν

188 1281 348 1346 conciliare
369 1290 471 1366 posset
486 1283 527 1366 (p.
548 1284 612 1345 328
632 1280 688 1366 D):
709 1301 786 1363 quae
806 1279 993 1364 spectantad
1010 1278 1149 1344 scholam
1161 1281 1192 1344 in

188 1399 352 1463 Academia
374 1400 526 1464 conditam
535 1426 545 1479 3
566 1400 604 1463 de
618 1398 778 1463 itineribus
793 1397 880 1462 nihil.
911 1396 1026 1462 Exacto
1042 1397 1104 1463 hoc
1118 1406 1194 1463 tem·

188 1539 260 1602 pore
278 1519 389 1582 iterum
404 1519 436 1582 in
452 1517 586 1582 Siciliam
601 1517 755 1603 proiectus
763 1566 772 1595 ,
788 1522 934 1580 memorat
952 1538 984 1579 se
1000 1516 1032 1579 in
1053 1515 1192 1581 discessu

188 1635 297 1699 adiisse
331 1635 496 1701 Tarentum
532 1644 562 1700 et
592 1659 661 1700 cum
691 1636 826 1720 Archyta
855 1634 1022 1719 hospitium
1049 1635 1192 1720 junxisse

188 1755 228 1838 (p.
254 1757 317 1818 338
341 1753 395 1840 C);
418 1755 489 1820 inde
512 1755 648 1819 Athenas
670 1777 807 1819 reversus
831 1761 886 1818 est.
927 1753 1002 1817 Erat
1021 1760 1092 1817 tum
1108 1777 1192 1818 sexa·

186 1873 327 1958 genasius
351 1882 381 1938 et
403 1874 442 1938 ad
464 1873 717 1959 peregrinandum
735 1872 849 1936 tardior
855 1899 865 1950 ;
880 1872 1082 1936 nihilominus
1098 1875 1190 1938 tertio

185 1991 224 2055 ad
250 1993 431 2078 Dionysium
454 1993 606 2079 profectus
630 1999 692 2070 est,
715 1991 797 2056 unde
819 2014 851 2055 re
873 1991 984 2055 iniecta
1003 1992 1068 2076 jam
1092 2014 1189 2077 paene

185 2112 433 2195 septuagenarius
455 2112 488 2174 in
511 2110 668 2175 Graeciam
690 2110 790 2175 rediit.
832 2109 890 2174 Per
905 2109 1006 2173 omnia
1020 2108 1099 2174 haec
1114 2117 1189 2174 tem·

185 2250 259 2314 pora
288 2228 326 2293 dc
356 2230 517 2295 itineribus
545 2230 579 2295 in
601 2230 675 2294 alias
697 2230 834 2314 regiones
856 2228 943 2292 lactis
965 2249 1021 2292 nec
1043 2227 1116 2292 vola
1131 2251 1187 2294 nec

182 2348 362 2433 vestigium,
379 2371 563 2434 quamquam
578 2371 613 2413 ea
627 2347 881 2413 commemorandi
895 2347 1011 2412 occasio
1027 2354 1139 2431 sponte
1154 2371 1187 2413 se

183 2466 336 2532 offerebat.
366 2467 456 2532 Unde
480 2468 622 2552 colligere
644 2468 728 2545 licet,
746 2473 799 2532 aut
814 2467 989 2552 scriptorem
1004 2466 1116 2531 itinere
1132 2467 1188 2531 illa

182 2586 349 2670 ignorasse,
373 2594 443 2663 aut,
464 2587 490 2650 si
504 2586 608 2664 novit,
626 2585 781 2672 proposito
797 2585 895 2671 operis
910 2586 1062 2649 intentum
1079 2584 1188 2650 oblivi-

183 2727 239 2768 one
255 2705 452 2790 praeteriisse.
476 2705 650 2769 Memoratu
665 2712 766 2769 autem
777 2704 903 2790 dignum
919 2727 1017 2789 neque
1029 2705 1062 2768 in
1075 2705 1186 2770 ceteris

181 2821 327 2907 Epistolis
349 2823 514 2887 Platonicis
538 2823 576 2888 de
598 2824 839 2908 peregrinatione
854 2823 907 2887 illa
923 2824 1086 2908 quicquam
1103 2824 1164 2910 legi
1173 2849 1184 2904 3

181 2947 287 3004 contra
318 2941 351 3004 in
382 2939 541 3005 Socraticis
571 2963 649 3025 quae
670 2941 811 3005 feruntur
832 2941 995 3026 Epistolis,
1019 2963 1099 3025 quae
1122 2942 1184 3006 illis

180 3066 252 3122 aunt
275 3065 354 3124 certe
374 3059 530 3144 aliquanto
550 3060 745 3138 recentiores,
768 3059 806 3124 de
818 3060 976 3124 itineribus
992 3060 1054 3124 illis
1064 3060 1184 3126 mentio

180 3176 224 3241 fit.
270 3176 379 3263 ltaque
408 3200 471 3243 non
502 3200 723 3263 supervacuum
751 3178 877 3264 opinor,
901 3200 978 3263 quae
1005 3177 1043 3242 de
1065 3179 1183 3245 itineri·

180 3294 237 3358 bus
261 3294 395 3359 Platonis
418 3296 559 3382 Megara,
583 3295 734 3382 Cyrenen,
750 3297 790 3360 ‘in
811 3297 984 3382 Aegyptum
991 3296 1183 3375 ‚Tarentum

177 3412 291 3481 tradita
313 3419 402 3493 sunt,
431 3436 491 3498 qua
515 3415 695 3480 auctoritate
714 3414 852 3478 nitantur
867 3414 976 3498 quidve
992 3414 1028 3478 iis
1044 3415 1183 3482 tribuen-

180 3529 252 3594 dum
278 3532 318 3595 sit
343 3532 430 3610 fidei,
452 3535 613 3617 inquirere.
649 3532 738 3597 Subit
770 3534 849 3597 enim
873 3533 1033 3618 cogitatio,
1058 3552 1182 3600 omnem
1226 3538 1229 3544 ’

178 3648 262 3715 illam
292 3652 564 3735 peregrinationem
593 3653 667 3738 fingi
691 3653 826 3738 potuisse
850 3652 887 3716 ab
911 3652 1083 3716 hominibus
1105 3657 1183 3718 otio-

179 3766 230 3847 sis,
246 3769 308 3833 sive
328 3769 446 3847 studio,
468 3770 549 3855 quod
569 3770 726 3835 Platonem
740 3770 795 3834 hac
806 3770 839 3833 in
850 3792 882 3833 re
893 3769 1014 3848 Soloni,
1027 3769 1182 3858 Pythago·

177 3908 244 3966 rae,
264 3886 438 3952 Democrito
451 3888 555 3954 cedere
566 3888 699 3967 nollent,
713 3890 774 3952 sive
787 3887 869 3971 quod
881 3889 1078 3973 opinarentur
1090 3912 1164 3955 eum
1171 3940 1181 3971 ,

179 4027 256 4088 quae
279 4006 316 4071 de
339 4009 496 4094 Aegypto,
521 4009 559 4073 de
582 4008 797 4093 Pythagoreis,
822 4007 860 4072 de
883 4007 1042 4093 Megaricis
1069 4010 1180 4090 refert,

177 4145 300 4190 noscere
321 4148 383 4191 non
405 4129 559 4212 potuisse,
583 4128 642 4191 nisi
665 4129 697 4191 in
718 4128 793 4212 ipsis
815 4127 877 4191 illis
892 4127 967 4192 locis
986 4135 1065 4193 esset
1080 4151 1182 4196 versa·
