2746 4950
664 371 726 430 229

237 557 403 658 Postquam
427 575 465 638 de
488 576 585 660 primo
608 576 716 638 itinere
739 576 777 638 ad
790 576 970 661 Dionysium
987 576 1133 640 minorem
1151 598 1198 640 ex·

187 670 311 776 «posuit,
344 693 418 756 haec
441 693 565 778 subjicit
587 717 617 778 p.
643 697 706 757 330
731 693 771 757 C:
796 691 878 758 etv'r’
892 690 977 758 ἕνεκα
1000 693 1101 778 (σοὶλιν
1124 697 1197 759 οὶσε-

190 811 309 886 δήμησα
339 813 379 882 εἰς
410 792 608 896 Συρακούσας)
638 811 687 875 καὶ
705 809 750 875 ἔσ’
773 810 889 892 ἔπραξα
912 814 948 885 ὡς
972 811 1070 877 εἰκότα
1092 813 1197 877 τεκαὶ

189 929 307 992 διίιαιιι.
323 979 352 994 ..
377 925 489 1010 ὕστερον
512 927 645 1007 διέξειμι,
667 930 697 994 h.
710 954 735 993 e.
757 929 891 1014 „quibus
900 930 1071 995 rationibus
1083 931 1196 1015 impul·

190 1070 242 1111 sus
260 1047 317 1110 sim
338 1054 374 1110 ut
395 1047 506 1113 iterum
522 1048 684 1133 Syracusas
705 1049 925 1133 proficiscerer,
950 1057 1041 1133 atque
1065 1072 1142 1133 quae
1165 1050 1198 1115 in

190 1166 330 1251 Dionysii
354 1166 425 1230 aula
446 1167 504 1231 feci
526 1167 655 1231 honesta
678 1174 709 1232 et
728 1169 813 1253 justa
827 1167 937 1245 fuisse,
955 1175 1060 1253 postea
1075 1167 1198 1232 demon-

189 1285 324 1350 strabo.'’
340 1285 485 1351 Similiter
501 1308 597 1370 quum
613 1285 652 1350 ad
667 1286 797 1351 alterum
812 1287 871 1351 iter
886 1287 1012 1365 transit,
1030 1287 1104 1351 haec
1116 1309 1199 1372 prae·

188 1403 306 1468 mittit:
331 1407 347 1480 ἡ
371 1403 394 1468 δ’
407 1405 512 1485 ὑστέρα
535 1392 633 1486 πορεία
656 1408 761 1471 τεκαὶ
784 1411 876 1477 πλοῦς
898 1408 935 1477 ὡς
958 1406 1072 1478 εἰκότως
1092 1405 1117 1471 d’
1128 1403 1197 1483 ἅμα

188 1523 239 1587 καὶ
270 1523 405 1602 ἐμμελῶς
439 1523 576 1600 γε’γονεν,
610 1519 631 1605 ᾧ
664 1524 747 1600 μέλει
777 1523 889 1588 ἀκούειν
919 1523 1014 1599 ἔξεσσι
1049 1525 1082 1589 τὸ
1095 1524 1197 1601 ’μετα

178 1648 282 1752 θτοῦτο.
315 1665 345 1727 p.
378 1644 440 1707 337
474 1641 510 1705 E.
557 1642 699 1727 Denique
733 1642 874 1707 omnibus
909 1643 1054 1707 enarratis
1085 1642 1197 1706 librum

189 1759 306 1823 claudit
337 1759 384 1823 his
415 1759 534 1824 verbis:
566 1757 602 1825 ὧν
625 1760 649 1824 δ’
664 1759 847 1838 ἐπανέλαβον
870 1758 955 1824 ἕνεκα
977 1762 1028 1835 την
1052 1761 1091 1831 εἰς
1116 1771 1199 1826 Σικε-

188 1878 256 1943 λίαν
279 1875 380 1960 ἄφιξιν
402 1880 454 1954 την
477 1877 626 1962 δευτέραν,
657 1880 819 1957 αναγκαῖον
849 1874 920 1944 εἶναι
948 1877 1024 1955 ἔδοξέ
1046 1903 1094 1956 μοι
1118 1880 1196 1960 ῥηθη·

188 2020 234 2062 ναι
271 1997 327 2061 δεῖν
360 1998 408 2062 δια
430 1997 482 2070 την
504 1996 630 2062 νὶσοσίαν
651 1998 700 2062 καὶ
723 1998 849 2074 ἀλογίαν
872 2003 927 2062 τῶν
950 1997 1110 2076 γενομένων
1137 1999 1197 2081 (λε-

188 2114 367 2200 naetveth·
402 2117 426 2182 εἰ
456 2112 551 2197 δ’ἄρα
569 2115 622 2180 τινὶ
644 2116 686 2180 σοὶ
715 2121 763 2180 νῦν
792 2115 897 2197 ῥηθέντ’
926 2115 1096 2196 εὐλογώτερ’
1119 2115 1195 2198 ε’φοὶ-

188 2260 220 2310 νη
251 2234 301 2300 καὶ
332 2234 492 2316 σροφιέσεις
522 2234 591 2316 πρὸς
621 2234 663 2300 σοι
692 2233 837 2313 γενόμενα
867 2236 968 2307 ἱκανας
1005 2234 1085 2316 ἔχειν
1119 2233 1195 2312 ἔδοξέ

142 2436 154 2449 Ν
187 2379 243 2434 τιρ,
267 2355 387 2433 μετρίως
412 2353 448 2418 ἂν
471 2354 609 2432 ἡμῖνκαὶ
631 2355 733 2424 ἱκανῶς
751 2352 793 2429 εἴη
813 2354 853 2419 τοὶ
865 2361 913 2420 νῖιν
924 2355 1068 2434 εἰρημένα.
1083 2352 1195 2418 Nonne

188 2474 236 2537 his
270 2474 368 2538 verbis
401 2472 511 2538 diserte
533 2473 669 2551 indicat,
693 2472 762 2537 ideo
786 2466 860 2538 haec
883 2496 901 2536 a
924 2497 955 2538 se
979 2473 1092 2558 scripta
1112 2495 1194 2550 esse,

189 2600 225 2655 ut
255 2591 335 2655 facta
364 2613 420 2654 sua
449 2592 631 2672 εὐλογώτερον
660 2591 837 2655 viderentur
867 2614 960 2676 quam
983 2591 1076 2675 vulgo
1099 2591 1196 2654 homi·

187 2735 242 2776 nes
268 2710 434 2797 putarent?
475 2709 585 2795 Neque
608 2711 769 2775 immerito.
803 2710 873 2796 Ipse
896 2706 959 2776 non
982 2710 1065 2775 omni
1088 2709 1196 2795 culpae

182 2831 360 2916 suspicione
390 2851 495 2894 vacare
525 2853 557 2894 se
587 2831 701 2893 fatetur
723 2853 753 2914 p.
778 2833 842 2893 445
866 2829 906 2893 D.
930 2828 1059 2910 „Quum
1083 2829 1193 2907 tertio,

187 2950 307 3034 inquit,
330 2971 363 3013 re
385 2948 497 3012 infecta
520 2971 537 3012 a
560 2949 708 3033 Dionysio
732 2947 937 3026 discederem,
969 2947 1055 3014 ἐδόκει
1079 2948 1112 3021 δη
1133 2972 1195 3028 χοι-

188 3070 334 3135 λεσοιίνειν
363 3070 417 3147 μὲν
446 3071 477 3132 οὐ
506 3068 561 3134 δεῖν
585 3068 638 3146 ἐμὲ
661 3069 798 3148 Διονυσίῳ
819 3071 937 3144 μᾶλλον
960 3068 977 3144 ἢ
1001 3068 1064 3146 ε’μοί
1089 3068 1194 3132 τεκαὶ

187 3195 246 3260 τοῖς
281 3187 471 3266 βιασαμένοις
497 3188 595 3253 ε’λθεῖν
632 3188 666 3252 τὸ
707 3189 819 3266 σρίσονε
852 3187 999 3265 „videbar
1025 3186 1102 3251 mihi
1132 3209 1194 3250 non

187 3316 250 3372 tam
272 3306 319 3370 illi
342 3306 450 3371 debere
472 3307 561 3370 irasci
581 3329 672 3391 quam
691 3306 830 3371 mihimet
845 3306 905 3391 ipsi
927 3305 1017 3370 otiis
1041 3328 1058 3369 a
1081 3305 1194 3389 quibus

189 3427 227 3491 ad
250 3425 283 3490 id
306 3449 401 3490 essem
423 3427 606 3512 impulsus.”
651 3427 693 3491 Et
716 3426 789 3491 alibi
812 3433 963 3490 asseverat
984 3447 1107 3489 necesse
1131 3446 1195 3488 esse

188 3553 224 3610 ut
247 3569 278 3610 se
301 3545 443 3610 defendat
450 3595 459 3625 ,
483 3546 542 3611 nisi
561 3546 654 3632 justis
682 3544 926 3610 accusationibus
957 3543 1106 3609 obnoxius
1130 3554 1195 3607 esse

187 3665 278 3743 velit,
302 3688 332 3749 p.
357 3667 420 3728 339
445 3666 487 3728 A:
512 3665 617 3737 δίκαιος
639 3666 672 3741 δή
695 3667 753 3741 εἱμι
768 3664 866 3742 λέγειν
881 3665 994 3740 τιέληθη
1010 3663 1059 3728 καὶ
1076 3663 1146 3748 (leg.
1164 3662 1193 3747 ἢ)

187 3784 353 3862 ὑπομένειν,
368 3834 375 3848 .
390 3834 416 3848 ..
440 3783 468 3849 εἴ
484 3810 528 3856 σις
550 3782 608 3864 ἄρα
630 3785 671 3848 τοὶ
693 3783 828 3861 γεγονότ’
839 3783 967 3854 οἰκούσας
978 3784 1193 3863 καταφρονήσει

187 3912 241 3978 σῆς
270 3904 343 3981 ε’μῆς
372 3903 565 3985 φιλοσοφίαςε
598 3909 741 3987 „oportet
762 3924 811 3966 me
842 3909 896 3965 aut
922 3923 992 3965 vera
1015 3900 1115 3964 dicere
1139 3907 1193 3963 aut

188 4023 266 4087 ferre
296 4022 322 4085 si
353 4022 421 4107 quis
443 4044 580 4089 rumores
603 4009 730 4088 audiens
752 4043 850 4087 meam
873 4019 1097 4110 philosophiam
1124 4040 1195 4083 con·

189 4141 336 4210 temnat.'’
