2746 4950
664 365 706 428 33

182 569 315 636 officium
337 571 478 657 redigant
499 572 575 638 οῐδοΐ
586 572 635 638 ccl
651 572 747 653 φόβῳ.
780 570 911 658 Oportet
927 597 997 660 ergo
1012 575 1046 639 in
1062 597 1194 662 quaque

181 693 303 757 civitate
333 693 424 758 rebus
454 694 614 779 praeficere
645 693 823 778 optimates,
858 695 911 778 qui
939 695 1043 779 aequis
1066 696 1194 781 legibus

180 813 399 898 rempublicam
422 814 611 878 constituant
634 820 664 877 et
685 812 872 898 gubernent:
890 813 1037 878 denorum
1053 814 1193 880 millium

180 931 297 996 civitati
323 933 546 1018 quinquaginta
576 933 747 998 sufficiunt:
775 933 931 1015 uupicvhpp
966 934 1049 999 πόλει
1080 936 1192 1010 πεντή-

179 1074 266 1116 κοιτοι
288 1051 388 1116 ι’κοινοί.
411 1075 442 1137 p.
467 1053 529 1117 337
555 1050 590 1116 C.
637 1051 720 1115 Haeo
743 1060 832 1130 sunt,
856 1051 975 1136 inquit,
999 1074 1077 1136 quae
1096 1053 1187 1117 vobis

179 1169 323 1248 consulo,
347 1169 466 1255 gemina
488 1170 542 1234 illa
564 1177 618 1234 ant
641 1170 778 1256 proxima
800 1171 837 1234 iis
860 1192 939 1254 qnae
962 1177 1051 1234 antea
1069 1170 1188 1257 Diony·

180 1287 225 1351 sio
249 1295 279 1352 et
295 1311 392 1374 nuper
407 1288 603 1374 Syracusanis
620 1289 710 1354 suasi.
722 1328 768 1338 -
779 1289 932 1374 Equidem
943 1311 1062 1369 vercor,
1082 1312 1123 1355 ne
1139 1291 1189 1355 his

178 1406 265 1470 lectis
287 1406 396 1471 Dionis
419 1408 583 1493 propinqui
610 1407 693 1472 hand
722 1407 821 1472 multo
844 1409 986 1473 certiores
1009 1408 1081 1473 facti
1104 1409 1189 1489 sint,

178 1525 254 1609 quid
276 1527 415 1610 angustis
438 1527 471 1590 in
493 1526 584 1591 rebus
603 1533 728 1612 agerent
743 1549 835 1611 quam
852 1534 941 1592 antea
954 1526 1100 1605 fuissent,
1119 1527 1185 1592 imo

178 1666 217 1708 ne
239 1651 392 1730 postremo
416 1646 550 1710 evenerit
572 1645 610 1710 iis
625 1644 698 1711 tiore
720 1651 913 1718 τελευτῶντες
935 1648 1078 1724 ἰλιγγιᾶν.

225 1762 283 1827 His
315 1764 489 1828 summatim
513 1764 658 1850 expositis
682 1765 829 1849 quisque,
854 1765 979 1851 opinor,
1004 1764 1189 1850 perspiciet,

181 1882 262 1966 quod
287 1883 385 1969 ipsam
408 1883 575 1969 perlegenti
598 1883 758 1970 epistolam
781 1885 976 1949 manifestum
996 1885 1066 1963 erit,
1092 1886 1191 1971 scrip-

180 2006 277 2066 torem
311 2002 376 2066 sinc
407 2001 470 2066 ullo
500 2002 606 2067 ordine
637 2004 698 2067 hnc
728 2004 803 2068 illuc
830 2004 950 2089 vagari,
985 2003 1069 2089 prins
1101 2003 1188 2068 dicta

181 2127 333 2205 repetere,
358 2121 468 2185 ultima
483 2121 588 2207 primis
603 2122 729 2186 miscere
736 2171 746 2200 ,
763 2123 864 2186 omnia
879 2121 1072 2186 confundere.
1097 2121 1190 2187 Prae-

168 2245 262 2303 'tcrea
285 2240 452 2304 orationem
467 2241 587 2326 plenam
604 2263 668 2305 esse
684 2241 863 2325 conquisitis
878 2241 1015 2325 undique
1030 2240 1189 2321 flosculis,

180 2357 341 2423 verborum
364 2359 508 2445 ampullis
532 2366 562 2424 et
585 2360 729 2444 argutiis,
750 2360 873 2445 tragicis
890 2360 1047 2425 sententiis
1063 2367 1094 2423 ct
1109 2360 1189 2424 locis

179 2477 409 2556 communibus,
434 2501 512 2563 quae
534 2479 689 2544 interdum
712 2479 790 2544 nihil
813 2479 937 2547 adrem
960 2479 1123 2564 pertinent.

224 2596 374 2682 Deinceps
406 2596 444 2661 ad
474 2598 597 2662 tertiam
619 2606 752 2683 partem,
777 2598 921 2663 ultimum
944 2590 1002 2662 itc'r
1024 2597 1190 2682 Syracusa·

179 2737 271 2794 num,
301 2716 464 2780 transitum
497 2717 569 2782 facit
599 2718 647 2781 his
678 2717 793 2782 verbis:
823 2717 980 2797 Ξυμβοολὺ
1002 2717 1055 2794 μὲν
1077 2716 1111 2792 δὴ
1133 2717 1187 2782 ccl

179 2835 316 2910 ἐπιστολὴ
339 2837 452 2916 εἰρήσθω
475 2835 524 2899 ccl
548 2839 565 2912 ἡ
589 2837 671 2917 τοιροὶ
695 2835 837 2917 Διονύσιοι
860 2837 916 2916 ἐμὴ
939 2836 1062 2918 πρότεροι
1082 2832 1189 2917 ἄφιξις

179 2953 338 3038 (concinna
360 2953 520 3019 verborum
541 2956 688 3041 junctura
696 2956 715 3040 l)
721 3004 730 3033 ,
755 2958 772 3031 ἡ
795 2955 825 3020 δὲ
848 2955 880 3031 tt
903 2954 1008 3035 ὑττέοοι
1030 2956 1131 3035 copta
1149 2981 1187 3020 τε

178 3071 228 3136 xci
252 3078 343 3144 τλοῖις
366 3075 402 3144 ὡς
425 3073 539 3146 sidroc
562 3099 596 3138 τε
619 3071 687 3151 οἶμαι
710 3073 759 3138 uui
784 3075 919 3152 ἐμμελῶς
942 3073 1078 3155 γέγονεν,
1095 3068 1116 3155 ᾦ
1132 3074 1188 3150 μέ-

177 3205 223 3255 λει
244 3188 355 3256 ἀκούειν
383 3190 478 3268 ἔξεστι
507 3195 541 3257 τὸ
570 3193 652 3270 μετὰ
681 3197 774 3258 τοῦτο.
798 3215 828 3278 p.
853 3194 916 3257 337
941 3191 977 3256 El.
1023 3189 1095 3255 Non
1119 3192 1188 3283 aine

178 3309 295 3373 ratione
318 3309 418 3374 addit:
443 3333 545 3395 „quae
560 3310 665 3375 audiat
681 3312 731 3375 cni
746 3310 833 3376 lubet
839 3311 870 3390 ;”
892 3289 1002 3375 Dionis
1018 3310 1186 3374 amicorum

67 3514 73 3523 ⁸
178 3427 210 3491 in
233 3451 374 3514 praesens
397 3452 505 3515 parum
529 3453 600 3494 sane
622 3431 768 3496 intererat
789 3432 848 3495 ista
871 3430 985 3494 audire.

225 3667 287 3733 HI.
322 3666 435 3732 Narrat
464 3668 559 3754 igitur
582 3668 695 3753 quihus
718 3668 887 3734 rationibus
911 3666 1062 3731 adductus
1085 3666 1126 3729 sit
1148 3673 1185 3731 ut

177 3786 304 3850 tertium
325 3786 404 3851 illud
427 3786 485 3852 iter
508 3787 683 3873 susciperet.
731 3785 927 3851 Increhuerat
949 3785 1046 3863 fama,
1071 3784 1185 3870 Diony·

178 3903 258 3968 sium
288 3904 413 3990 flagrare
443 3928 549 3969 rursus
581 3927 681 3969 amore
703 3904 929 3990 philosophiae:
953 3906 989 3975 ὡς
1012 3903 1182 3979 tetracorda

179 4017 243 4088 dccv
273 4022 416 4096 Διονύσιος
438 4023 610 4096 ἐπιδεδωκὼς
633 4021 675 4099 εἴη
702 4023 770 4104 πρὸς
792 4023 979 4104 φιλοσοφίαι.
1003 4043 1033 4106 p.
1058 4022 1126 4107 339Ι
1146 4018 1182 4084 Β.

178 4139 289 4224 Itaque
312 4140 505 4205 hortantibus
529 4143 632 4205 amicis
641 4190 650 4219 ‚
671 4141 703 4204 in
718 4141 765 4204 his
781 4139 880 4204 Dione
895 4147 926 4204 et
940 4139 1093 4222 Archyta,
1109 4137 1185 4202 invi-
