2746 4950
577 313 639 373 all

108 520 218 597 trina,·
232 519 284 584 alii
311 519 347 583 ab
375 518 653 582 Alexandrinorum
677 519 825 603 sapientia
841 519 964 582 fluxisse
976 519 1115 583 arbitrati

108 645 189 702 sunt.
206 638 229 721 ¹)
256 637 328 700 Sine
347 659 455 714 eausa,
472 638 589 722 opinor.
606 637 645 700 Iu
663 636 787 702 Timaeo
803 649 919 701 creator
935 637 996 700 sive
1014 638 1114 721 opifex

21 744 37 771 ⁴*
108 756 216 822 mundi
251 756 338 820 audit
373 777 435 820 non
467 757 558 820 semel
590 758 603 822 5
633 757 745 836 πατήρ,
774 765 808 819 ut
830 779 860 840 p.
886 757 927 818 58
953 755 994 819 C:
1018 759 1114 836 πατὴρ

108 877 156 940 καὶ
181 877 297 950 ποιητὴς
321 875 402 939 τοῦδε
425 880 474 939 τοῦ
498 874 607 946 παντός
622 925 629 940 .
647 897 677 959 p.
695 876 734 939 37
754 873 797 942 O:
815 876 828 939 5
844 876 985 951 γεννήσεις
1000 877 1113 956 πατήρ.

109 1019 139 1080 p.
164 996 204 1057 41
230 995 275 1056 A:
304 991 339 1058 ὧν
355 995 416 1086 ἐγὼ
432 994 599 1071 δημιουργὸς
615 995 711 1073 πατήρ
727 997 755 1057 τ’
771 993 868 1073 ἔργων.
895 992 996 1057 Huius
1013 1002 1113 1058 autem

109 1136 204 1199 opus,
224 1112 400 1176 uuiversum
417 1112 479 1175 sive
498 1111 650 1189 munduS,
670 1112 771 1196 ipsum
784 1134 905 1195 qnoque
919 1113 956 1176 ab
964 1113 1018 1176 illo
1027 1112 1117 1176 habe·

109 1242 160 1296 tur
179 1243 209 1296 et
225 1232 338 1295 dieitur
358 1232 426 1302 θεός.
460 1230 511 1294 Sic
536 1234 575 1315 (p.
601 1234 641 1293 13
660 1232 699 1314 Α)
715 1232 859 1315 cogitatio
875 1231 933 1294 Dei
945 1230 982 1294 da
998 1230 1115 1295 mundo

109 1350 284 1415 fabricando
314 1349 427 1413 dieitur
448 1350 589 1426 λογισμὸς
621 1349 697 1420 ὄντες
729 1349 774 1414 aa>
806 1353 866 1414 θεοῦ
891 1349 954 1429 περὶ
977 1351 1025 1419 τόν
1051 1352 1116 1414 ποτ’

110 1471 239 1546 ἐσόμενον
263 1468 329 1535 θεόν.
377 1468 425 1532 Ibi
448 1471 461 1530 5
484 1468 519 1533 ὢν
544 1469 589 1532 ἀεὶ
612 1469 670 1538 θεὸς
695 1475 740 1530 est
760 1470 772 1532 5
792 1470 904 1550 πντὴρ,
930 1469 1022 1531 huius
1040 1491 1117 1552 opus
1200 1482 1201 1487 ’

110 1591 123 1654 5
147 1593 211 1653 ποτ’
234 1589 363 1664 ἐσόμενος
387 1586 463 1669 teta,
489 1596 580 1670 atque
604 1588 669 1664 hie,
700 1586 849 1650 muudum
873 1587 958 1663 dieo,
986 1589 1115 1650 vicissim

111 1716 156 1770 est
183 1709 298 1783 ἡγεμὼν
326 1706 455 1769 aliorum
482 1705 643 1768 numinum
674 1727 751 1789 quae
780 1704 889 1768 deinde
912 1714 1012 1769 ereata
1035 1713 1116 1769 sunt.

111 1825 194 1887 Deus
222 1825 302 1887 euim
326 1826 339 1885 5
361 1823 424 1887 τάδε
447 1823 479 1886 τὸ
503 1827 562 1884 πᾶν
587 1823 729 1897 γεννήσεις
751 1820 978 1904 sioalloquitur
993 1831 1117 1885 naturas

111 1943 253 2006 coelestes
278 1940 390 2024 quihus
414 1940 589 2003 universum
613 1945 732 2002 constat
756 1940 795 2022 (p.
820 1941 861 2001 al
879 1920 935 2024 Α’);
954 1942 1017 2004 Θεοὶ
1033 1941 1116 2020 θεῶν,

111 2058 146 2124 ὧν
165 2063 222 2136 ἐγὼ
240 2060 409 2139 δημιουργὸς
433 2060 529 2138 πντήρ
556 2062 583 2122 τ’
606 2058 712 2139 ἔργων,
738 2058 768 2120 h.
794 2080 818 2120 e.
843 2057 906 2134 „dii
932 2057 988 2121 deo
1004 2058 1117 2141 geniti,

112 2201 241 2263 quorum
261 2190 320 2262 'ego
336 2186 421 2263 pater
444 2190 474 2240 et
497 2176 637 2239 eonditor
658 2198 726 2238 sum
742 2184 888 2258 tanquam
904 2177 1002 2260 operis
1017 2178 1077 2240 moi
1086 2176 1116 2253 ;'’

112 2306 142 2361 et
166 2297 275 2361 deinde
299 2297 345 2359 his
364 2295 490 2359 mandat
509 2295 649 2358 mortalia
669 2317 780 2379 genera
799 2294 927 2386 condere
950 2294 1034 2378 (ibid.
1060 2293 1117 2378 D):

111 2418 144 2481 τὸ
170 2418 199 2481 δὲ
232 2419 328 2481 λοιπὸν
359 2418 440 2493 ὑμεῖς
471 2414 605 2493 atavum
631 2415 725 2488 θνητὸν
749 2416 1007 2497 προσνφνείννντες,
1032 2416 1119 2494 oinop-

112 2535 236 2617 ννὲζεσθε
267 2535 326 2616 ζῶνε
354 2536 402 2599 καὶ
426 2538 549 2611 aaronita
573 2536 681 2626 τροφήν
703 2559 736 2598 τε
760 2533 879 2603 διδόντες
904 2533 1045 2608 αὐξάνετε
1068 2533 1117 2597 aa>

112 2655 250 2734 φθίνννννν
280 2653 369 2717 πάλιν
396 2652 524 2733 δέχεσθε.
560 2651 643 2715 Hine
667 2675 684 2715 a
707 2659 811 2715 nostro
835 2651 941 2714 effoeta
964 2659 1036 2713 suut
1058 2650 1120 2714 duo

112 2773 183 2850 illa,
218 2773 231 2836 5
264 2772 379 2849 ἡγεμὼν
409 2777 463 2835 τῶν
494 2769 617 2834 τ’ὅντων
641 2756 689 2834 νιν)
710 2775 765 2833 τῶν
785 2766 968 2846 μελλόντων,
991 2777 1121 2848 „auctor

113 2892 288 2957 mortalium
319 2898 471 2974 quotquot
497 2897 570 2953 sunt
598 2897 628 2953 et
655 2890 759 2952 futura
787 2889 898 2965 suut,'’
927 2889 957 2952 h.
985 2912 1010 2951 e.
1036 2911 1123 2952 muu-

114 3012 186 3088 duS,
222 3019 252 3074 et
282 3010 295 3073 5
325 3016 375 3074 τοῦ
410 3009 549 3086 ἡγεμόνες
580 3010 693 3090 πατὴρ,
727 3029 863 3071 summus
903 3006 994 3084 dene,
1029 3009 1042 3071 5
1073 3007 1119 3070 aa}

114 3132 158 3194 ὤν.
204 3129 305 3192 Etiam
328 3127 511 3192 vocabulum
531 3129 648 3204 ἡγεμὼν
668 3150 685 3190 a
706 3126 833 3190 Platone
849 3127 996 3210 petitum,
1011 3127 1065 3208 qui
1078 3126 1119 3188 sic

115 3249 146 3311 in
169 3247 326 3324 Phaedro,
350 3269 379 3330 p.
405 3248 468 3308 246
493 3245 535 3309 E:
560 3247 573 3309 5
596 3246 695 3323 μένεις
719 3247 835 3323 ἡγεμὼν
857 3247 886 3308 ἐν
909 3247 1012 3324 οὐρανῷ
1036 3245 1118 3314 Ζεύς.

117 3365 162 3428 Ex
185 3366 233 3429 his
261 3364 360 3450 palam
384 3386 448 3428 esse
472 3363 578 3440 eredo,
603 3361 876 3446 quomodofnoster
895 3383 972 3446 quae
988 3361 1122 3424 dilucide

117 3509 134 3547 a
149 3484 276 3549 Platone
294 3484 431 3568 exposita
447 3490 536 3560 suut,
549 3480 721 3546 mutilando
734 3481 935 3575 νείνννμνντωδῆ
946 3479 1121 3544 reddiderit.

162 3721 268 3802 Quum
296 3722 392 3804 igitur
424 3720 456 3783 in
487 3718 629 3783 omuibus
661 3719 708 3782 his
732 3707 869 3804 epistolis
892 3717 1050 3781 manifeste
1073 3740 1123 3801 ap·

58 3874 60 3877 ’
119 3850 221 3925 pareat
252 3862 377 3904 areanae
404 3838 569 3923 sapientiae
593 3837 760 3915 affectatio,
785 3837 920 3922 profecta
943 3835 980 3899 ab
1003 3857 1038 3898 ea
1062 3836 1124 3919 opi·

124 4011 290 4018 ψ-

153 4112 177 4172 1)
195 4112 247 4161 vid.
266 4111 401 4168 Hermann,
419 4110 472 4160 libr.
491 4110 553 4158 laud.
571 4127 594 4175 p.
614 4110 660 4157 592
677 4124 712 4172 sq.
730 4125 753 4156 n.
771 4107 827 4156 220.

943 4199 1005 4257 14*
