2746 4950
659 341 699 401 82

176 546 312 631 picturae
331 545 447 609 similis.
471 543 600 625 Quaerit
616 568 652 608 ex
667 552 813 630 tyranno,
830 545 982 629 numquid
996 547 1032 610 in
1048 546 1186 610 Heracli-

176 666 244 730 dem
275 665 415 730 statuerit
445 665 590 745 νεώτερονς
621 664 723 729 addit:
752 663 850 729 δοκεῖ
870 662 928 743 γάρ
951 690 999 743 μοι
1022 667 1124 749 ταύτῃ
1146 691 1185 740 σῃ

175 785 364 862 γεγονέναι
380 783 529 867 φανερὸς
545 782 874 865 ἀποτετραμμένος,
891 783 922 847 h.
936 805 961 847 e.
978 784 1098 848 videtur
1113 787 1185 849 caim

175 905 229 967 lac
258 904 366 967 alicubi
393 902 537 968 accersisse
575 925 598 966 s.
633 902 778 988 rffaqc'um
801 902 963 986 οαοοααος
986 924 1083 985 quam
1108 901 1186 966 bella

176 1021 216 1084 sit
246 1022 305 1085 ista
340 1020 540 1107 periphrasis,
570 1042 659 1083 nemo
681 1041 744 1082 non
767 1019 869 1084 sentit.
911 1019 991 1083 Tum
1015 1019 1186 1105 Dionysius

175 1139 360 1221 ἀνεφλέχθη,
392 1140 587 1222 acclamantur
617 1145 677 1202 eat:
707 1138 832 1202 verbum
859 1139 986 1216 fortius,
1011 1161 1077 1222 quo
1097 1139 1186 1204 Plato

175 1259 232 1322 hoc
256 1281 347 1321 seusu
370 1281 431 1322 non
455 1258 568 1336 utitur,
593 1257 645 1321 sed
669 1257 812 1335 seriores,
836 1265 872 1322 ut
894 1257 1052 1322 Plutarch.
1078 1259 1185 1344 Pelop.

176 1400 201 1441 c.
227 1381 287 1441 32ε
311 1381 342 1443 οὐ
365 1378 498 1459 κατέσχε
520 1381 560 1459 τῷ
583 1379 716 1456 λογισμῷ
739 1379 791 1452 σὺν
813 1378 914 1460 ὀργὴν,
937 1378 1022 1442 οὶλλοὶ
1046 1378 1121 1458 πρὸς
1136 1380 1187 1453 τὴν

176 1497 284 1576 βλέψον
296 1497 496 1579 ἀναφλεχθεὶς
508 1498 568 1563 κσὲ.
587 1496 668 1561 Huic
681 1497 778 1561 simile
791 1504 836 1561 est
848 1497 974 1562 verbum
986 1496 1185 1581 ἐξάπτεσθαι,

176 1616 274 1700 Epist.
287 1616 367 1695 VH,
381 1640 410 1700 p.
428 1619 491 1679 340
508 1616 548 1678 B:
565 1615 723 1694 ἐξημμένος
740 1616 794 1681 ὑπὸ
809 1616 1003 1700 Φιλοσοφίας,
1016 1640 1186 1683 cccccccccc

170 1736 368 1819 philosophia.
400 1735 449 1799 Sic
473 1737 595 1799 Atticus
618 1736 709 1800 homo
733 1759 792 1799 non
810 1736 932 1799 locutus
949 1743 1045 1813 esset,
1064 1737 1184 1821 opinor.

175 1854 358 1919 Παντοδασοὶ
387 1855 537 1935 χρώματα
568 1853 632 1931 ἧκεν
656 1863 701 1918 est
723 1854 868 1919 flosculus
891 1854 1054 1940 decerptus
1078 1878 1096 1919 e
1120 1856 1187 1920 Pla-

176 1973 256 2035 tonis
279 1972 407 2057 Lyside,
431 1996 460 2058 p.
487 1976 549 2035 222
570 1973 615 2051 Β,
641 1973 694 2037 ubi
716 1973 920 2060 Hippothales
944 1973 997 2038 ὑπὸ
1014 1982 1070 2048 τῆς
1086 1974 1186 2050 ἡδονῆς

177 2091 354 2155 παντοδαποὶ
383 2092 461 2172 ἠφίει
490 2092 641 2173 χρώματα
648 2142 657 2170 ,
682 2092 765 2176 quod
792 2092 909 2156 dictum
936 2091 1062 2155 seriores
1090 2103 1188 2156 certa-

176 2209 231 2272 tim
255 2209 365 2271 imitati
400 2216 493 2288 sunt,
532 2217 568 2273 ut
590 2217 677 2273 notat
700 2210 859 2274 Heindorf.
884 2210 922 2273 ad
945 2209 975 2273 h.
1000 2209 1020 2272 l.
1069 2209 1188 2276 Noster

176 2349 246 2391 vero
282 2327 461 2412 elegantiam
498 2329 571 2393 dicti
600 2331 735 2416 corrupit
757 2329 905 2394 >addendo
937 2328 1018 2413 quod
1050 2331 1187 2415 quisque

177 2452 285 2528 sponte
307 2445 471 2531 intelligat,
496 2444 541 2512 οἷα
564 2447 599 2512 ἂν
622 2448 794 2527 θυμούμενος
817 2449 918 2532 ἀφείη.
951 2447 1098 2532 Sequitur
1115 2473 1187 2534 suo

179 2563 314 2647 plicatio,
348 2567 503 2650 jurgium,
537 2568 684 2652 jactantia
718 2569 808 2632 verba
839 2567 991 2645 Platonis,
1021 2569 1187 2647 τυραννικὸν

176 2683 306 2760 βλέμμα
329 2684 485 2769 Dionysii3
509 2687 633 2750 tandem
656 2695 771 2751 actores
795 2711 826 2750 re
842 2687 954 2751 infecta
970 2687 1147 2752 discedunt.
1165 2691 1188 2774 ¹)

221 2800 360 2865 Profecto
391 2804 540 2868 neminem
563 2805 627 2868 fore
650 2806 795 2883 arbitror,
821 2806 912 2890 quin,
942 2805 999 2868 hac
1024 2827 1115 2869 scena
1142 2814 1188 2870 at-

177 2928 260 2983 tente
282 2921 428 3005 perlecta,
452 2924 583 2987 fateatur
606 2947 671 2988 eam
695 2933 725 2988 et
747 2925 837 2988 rebus
862 2933 892 2988 ct
914 2925 1013 2988 verbis
1036 2925 1081 2986 ita
1105 2946 1189 2988 com·

177 3046 313 3124 paratam
344 3064 425 3119 esse,
458 3049 493 3106 ut
526 3065 588 3106 non
622 3044 796 3125 Platonem,
833 3044 886 3107 sed
920 3044 1023 3128 potius
1058 3044 1187 3109 simium

178 3157 310 3241 aliquam
332 3159 469 3224 Platonis
493 3163 610 3226 referat.

223 3397 307 3460 Haec
330 3397 367 3461 de
391 3399 536 3482 epistolae
559 3400 778 3484 compositione
802 3407 832 3462 et
856 3400 935 3463 stilo.
981 3398 1189 3484 Compositio-

177 3539 248 3580 nem
271 3517 358 3581 nobis
383 3519 524 3602 apparuit
547 3518 638 3582 talem
662 3542 744 3596 csse,
769 3528 804 3582 ut
827 3540 888 3582 non
904 3541 1006 3582 veram
1021 3519 1188 3604 epistolam

178 3635 230 3699 sed
258 3637 357 3699 fictam
381 3644 505 3721 arguat,
530 3659 656 3721 eamque
678 3660 734 3700 nec
757 3660 775 3700 a
797 3636 923 3701 Platone
945 3660 1001 3701 nec
1024 3637 1188 3723 abaliquo

177 3755 242 3818 eius
272 3753 485 3832 familiarium,
516 3755 568 3818 sed
592 3779 609 3818 a
631 3755 751 3819 rhetore
774 3755 822 3819 vel
846 3756 943 3818 otioso
967 3756 1089 3819 homine
1115 3779 1187 3822 con·

178 3873 321 3957 scriptam
328 3900 338 3950 ς
363 3857 527 3937 dictionem
551 3882 652 3937 autem
676 3874 801 3957 plenam·
820 3897 882 3937 esse
910 3875 1037 3958 argutiis
1061 3883 1092 3937 et
1116 3876 1188 3938 flos-

213 4131 237 4191 1)
254 4130 344 4179 Similia
361 4131 454 4194 pictura
472 4134 507 4181 eat
524 4133 549 4180 in
566 4133 612 4180 fine
630 4132 673 4194 Ep.
692 4132 738 4181 ΙΙΙ.
755 4133 783 4180 de
801 4149 847 4196 qua
863 4149 925 4182 mox.
