2746 4950
649 336 707 399 170

180 534 269 601 talem
297 560 425 603 errorem
448 540 580 604 incidere
602 542 755 626 potuisse;
779 542 881 627 potius
906 541 998 606 credo
1028 565 1104 606 enm
1125 543 1175 606 hoc

180 662 297 719 tantum
330 658 482 736 retulisse,
510 658 668 723 Platonem
690 667 865 743 ceterosque
887 658 1022 724 Socratis
1052 659 1176 745 discipu·

177 773 223 837 los
247 782 315 860 post
341 775 432 840 huius
455 785 581 842 mortem
600 779 750 863 profectos
774 801 837 842 esse
864 777 991 862 Megara
1010 777 1053 841 ad
1084 777 1177 842 Eucli-

178 892 260 970 dem3
296 894 442 959 rationem
470 918 539 960 vero
569 918 623 959 cur
648 895 679 959 id
702 896 859 973 fecissent,
882 918 993 980 nempe
1016 895 1104 980 qnod
1125 918 1178 959 me

178 1019 298 1076 tuerent
319 1020 480 1103 tyrannos,
505 1036 523 1077 a
545 1015 681 1098 Diogene
704 1015 800 1078 aliove
823 1014 972 1098 adjectam
995 1036 1075 1079 esse.

222 1129 331 1214 Itaque
346 1132 480 1216 positum
496 1132 548 1210 sit,
565 1130 757 1196 Hermodoro
773 1138 865 1209 teste,
881 1131 1043 1196 Platonem
1061 1131 1177 1196 Socrate

178 1257 297 1314 mortuo
319 1251 443 1335 Megara
464 1251 597 1316 cessisse.
643 1249 736 1331 Quod
759 1251 886 1335 epistola
908 1249 946 1314 de
969 1250 1029 1315 hoc
1055 1251 1178 1316 mentio

177 1391 247 1433 nem
277 1391 339 1433 non
367 1369 455 1448 facit,
487 1368 540 1434 sed
569 1369 785 1460 philosophum
816 1369 947 1434 Athenis
978 1370 1178 1454 permansisse

179 1486 300 1564 scribit,
316 1487 359 1550 ita
370 1488 512 1573 explicari
523 1489 651 1573 poterit,
668 1488 693 1551 si
709 1494 891 1564 statuamus,
907 1487 966 1551 iter
982 1487 1064 1551 illud
1081 1487 1178 1572 Mega·

177 1628 263 1670 reuse
293 1606 507 1691 digressionem
537 1608 639 1692 potius
669 1614 699 1671 et
729 1608 817 1690 quasi
844 1606 1063 1670 diverticulum
1092 1629 1178 1690 quan

179 1724 332 1790 excessum
363 1749 400 1791 ex
429 1726 504 1791 urbe
526 1726 634 1804 fuisse,
659 1725 697 1790 ob
718 1725 777 1789 loci
800 1725 1005 1804 vicinitatem,
1031 1747 1128 1810 quare
1149 1725 1177 1790 id

180 1843 299 1908 silentio
327 1845 487 1929 praeterire
515 1845 646 1909 licuisse.
670 1844 846 1908 Hermanno
867 1851 946 1908 certe
961 1846 1107 1910 assentiri
1122 1867 1179 1909 non

178 1984 301 2048 possum
309 2012 318 2041 ,
342 1963 480 2049 opinanti
494 1962 669 2041 Platonem,
685 1971 806 2027 mortuo
822 1961 962 2041 Socrate,
978 1961 1037 2027 diu
1048 1964 1179 2048 Megaris

178 2079 328 2144 habitasse
351 2088 381 2145 et
404 2081 446 2146 ibi
468 2081 605 2146 hluclidis
628 2081 820 2165 potissimum
843 2080 1063 2145 consuetudini
1078 2104 1180 2167 accep

176 2206 240 2263 tam
263 2199 401 2264 debuisse
424 2200 599 2264 interiorem
622 2199 706 2264 illam
728 2191 882 2263 Elea‘ticae
906 2199 1064 2265 doctrinae
1088 2190 1180 2265 seien-

177 2319 250 2383 tiam
281 2324 311 2383 et
341 2318 511 2384 dialectices
535 2319 690 2404 peritiam,
715 2341 808 2402 quam
829 2340 900 2382 cum
924 2318 1025 2382 ethica
1048 2318 1179 2383 Socratis

176 2437 344 2522 conjunxit.
359 2439 382 2523 ¹)
428 2436 525 2518 Quasi
547 2460 617 2501 vero
640 2437 788 2516 Athenis,
813 2436 1067 2523 philosophorum
1089 2447 1124 2503 et
1138 2461 1180 2503 so

176 2557 346 2642 phistarum
369 2557 453 2633 sede,
474 2557 610 2621 Eleatica
621 2556 816 2642 philosophia
830 2578 892 2621 non
907 2577 1002 2639 aeque
1013 2563 1091 2620 nota
1103 2563 1181 2620 esset

177 2682 268 2760 atque
290 2675 480 2753 Heraclitea,
504 2676 536 2739 in
559 2697 620 2759 qua
643 2674 730 2739 Plato
747 2675 920 2739 adolescens
935 2675 1083 2760 magistro
1105 2697 1179 2740 usus

177 2801 224 2859 est
247 2793 386 2879 Oratylc,
412 2801 447 2857 ut
468 2793 573 2858 retuht
589 2794 779 2858 Aristoteles.
789 2794 814 2878 2)
837 2793 877 2858 Et
892 2792 1001 2878 quidni
1018 2816 1058 2857 ex
1074 2795 1179 2860 eodem

176 2913 259 2977 fonte
282 2913 365 2977 illam
389 2912 612 2997 philosophiam
635 2934 758 2976 noscere
780 2912 882 2996 potnit
903 2911 985 2976 unde
1009 2933 1088 2986 eam
1101 2936 1181 2978 aece-

177 3033 223 3119 pit
245 3033 398 3109 Euclides,
422 3032 476 3115 qui
495 3032 617 3095 Platoni
632 3031 765 3115 aequalis
781 3031 861 3095 fuit?
873 3031 896 3115 ³)
919 3028 1004 3111 Quid
1020 3031 1108 3115 quod
1116 3034 1178 3118 jam

177 3152 297 3216 vivente
319 3149 457 3228 Socrate,
481 3158 517 3214 ut
538 3149 630 3214 refert
651 3149 791 3214 Laertius
814 3149 868 3227 H,
893 3152 929 3228 3,
954 3149 1104 3215 Euclides
1119 3151 1180 3232 περὶ

177 3269 243 3342 τοὺς
273 3269 424 3350 ἐριστικοὺς
452 3269 556 3347 λόγους
585 3267 761 3334 iraeadem:
793 3290 887 3352 quare
915 3289 977 3332 non
1000 3275 1085 3348 erat,
1109 3292 1180 3346 eur,

212 3539 236 3601 1)
259 3540 382 3590 Hermann
405 3539 431 3589 ll.
454 3556 478 3605 p.
497 3540 544 3589 46:
569 3540 617 3599 „So
633 3540 665 3590 ist
681 3543 716 3590 est
732 3539 807 3590 achon
823 3556 852 3589 nn
869 3538 920 3588 sich
936 3538 988 3588 eine
1005 3537 1095 3590 hbehst
1111 3539 1185 3588 wahr-

177 3635 321 3686 rcheinlieha
337 3634 513 3700 Vermiithnng‚
532 3635 584 3684 dass
601 3635 659 3685 eben
677 3635 753 3684 dieser
769 3634 912 3684 Aufenthalt
928 3633 954 3682 in
970 3635 1070 3698 Megara
1091 3649 1185 3699 eagenz

177 3731 315 3796 vorzfiglich
336 3747 384 3781 war
405 3731 447 3780 der
469 3731 539 3780 Plato
562 3731 607 3780 mit
623 3731 676 3781 dem
694 3730 850 3796 eigentlichen
867 3729 954 3780 stende
970 3730 1012 3779 der
1029 3730 1185 3781 Grieehische

178 3827 343 3891 Speculation,
367 3826 416 3875 und
439 3826 584 3891 demgemtss
606 3827 651 3876 mit
668 3827 722 3876 dem
738 3827 832 3876 wahren
849 3825 1001 3876 Bediirfniaae
1018 3825 1060 3874 des
1077 3827 1185 3891 philoso-

177 3922 290 3988 phischen
308 3921 399 3971 Geistes
415 3923 492 3971 aeiner
509 3923 560 3972 Zeit
575 3922 650 3971 nither
664 3923 771 3973 bekannt
786 3920 904 3972 machte.''

211 4021 236 4081 2)
253 4019 359 4084 Meteph.
376 4019 401 4077 Ι,
419 4021 448 4077 5,
464 4035 488 4083 p.
506 4020 538 4068 20
554 4018 642 4067 Brand.

212 4117 236 4192 3)
252 4116 306 4167 Vid.
322 4114 418 4180 Deylra,
435 4115 464 4169 da
481 4115 622 4180 Megaricis,
639 4130 664 4179 p.
681 4117 705 4167 5.
