2746 4950
626 321 664 382 13

140 528 308 614 Epistolam
344 527 412 608 πρὸς
450 526 670 608 Ἀριστόδημον,
705 549 760 612 pro
791 549 853 612 quo
883 527 1000 593 codices
1030 528 1145 594 habent

139 649 343 729 Ἀριστόδωρον.
388 645 507 710 Notum
536 655 582 710 est
611 654 726 710 veteres
754 648 879 711 nomina
908 649 1030 733 propria
1056 671 1144 734 saepe

93 762 96 772 ’
140 766 294 831 eontracta
317 777 371 829 aut
393 765 505 828 omissa
527 765 739 829 terminatione
763 765 892 830 scribere
912 766 1017 831 solitos
1033 768 1142 846 fuisse,

137 885 210 949 inde
231 907 372 968 magnam
395 883 554 946 nominum
577 882 716 947 similiter
735 883 948 967 incipientium
963 892 1061 949 ortam
1077 909 1142 949 esse

138 1003 346 1067 confusionem
362 1003 399 1086 Ι);
435 1023 528 1085 quare
560 1002 715 1086 probabile
746 1009 792 1067 est
824 1002 902 1066 hano
929 1025 1051 1087 quoque
1082 1027 1142 1067 am·

137 1123 246 1187 borum
276 1121 434 1186 nominum
461 1121 716 1207 permutationem
741 1121 935 1185 librariorum
963 1123 1141 1207 compendio

137 1241 249 1306 deberi.
284 1241 361 1304 Uter
384 1249 485 1304 autern
507 1239 619 1303 titulus
642 1240 856 1324 praeferendus
880 1241 934 1319 sit,
952 1240 1036 1305 haud
1053 1241 1141 1305 facile

136 1359 296 1445 dijudicari
325 1365 451 1444 potesu·
478 1358 586 1444 opinor
615 1365 717 1422 tamen
747 1359 850 1443 potius
884 1382 955 1423 oum
985 1359 1142 1424 oodioibus

136 1478 329 1543 scribendum
360 1495 433 1541 esse·
454 1476 521 1558 πρὸς
542 1477 755 1558 'Abarimon
785 1500 880 1562 quum
903 1478 996 1563 hujus
1019 1501 1142 1563 quoque

136 1621 247 1662 nomen
271 1597 436 1684 praefixum
453 1597 493 1660 sit
512 1598 544 1660 in
559 1596 605 1677 Io.
629 1597 826 1676 Damasceni,
844 1597 954 1661 Parall.
971 1598 1003 1661 in
1019 1598 1141 1662 Stobaei

135 1717 240 1782 Floril.
265 1716 405 1802 Append.
430 1715 486 1793 IV,
509 1740 539 1801 p.
566 1719 605 1779 19
632 1716 783 1781 Gaisford.

181 1836 287 1900 Altam
317 1834 485 1899 different-ia
515 1835 547 1899 in
577 1834 635 1898 hoo
666 1835 766 1920 posita
796 1842 858 1913 est,
888 1835 970 1919 quod
1001 1835 1141 1899 Laertius

135 1962 276 2021 numerat
287 1962 419 2038 quatuor
433 1955 587 2040 Epistolas
603 1954 671 2034 πρὸς
688 1954 844 2032 Διονύσιον,
861 1955 1023 2040 pleraeque
1039 1963 1141 2019 autem

136 2076 284 2140 editiones
307 2073 378 2138 inde
401 2097 419 2137 a
440 2073 547 2138 Fioino
571 2080 601 2137 et
624 2074 697 2137 edit.
723 2073 816 2137 Basil.
844 2077 871 2137 l.
896 2097 988 2139 unam
1013 2074 1139 2154 harum,

136 2194 281 2278 primam,
306 2215 366 2256 non
390 2191 529 2270 Platoni,
553 2192 606 2255 sed
625 2192 718 2255 Dioni
734 2159 900 2256 ascribunt.
913 2193 938 2276 2)
973 2192 1056 2256 Huio
1071 2215 1141 2256 vero

138 2313 240 2378 obstat
269 2311 408 2376 codicum
440 2312 621 2391 auotoritas,
654 2312 708 2395 qui
734 2320 855 2376 tantum
878 2335 939 2376 non
963 2335 1085 2390 omnes,
1110 2314 1142 2376 in

137 2431 184 2496 his
208 2431 364 2495 Parisinus
381 2442 407 2496 Δ
425 2438 455 2494 et
476 2438 591 2516 septem
607 2430 792 2508 Florentini‚
816 2431 997 2516 inscriptum
1013 2432 1141 2496 habent:

136 2551 262 2619 Πλάτων
294 2552 429 2632 Διονυσίῳ
459 2546 490 2616 εὖ
519 2549 666 2632 πράττειν.
684 2551 710 2635 ³)
754 2550 891 2616 Eandem
913 2551 1142 2637 inscriptionem

138 2672 307 2756 Diogenem
338 2679 367 2734 et
397 2668 591 2754 Thrasyllum
621 2670 654 2733 in
685 2670 748 2733 suis
771 2669 857 2734 libris
880 2670 989 2754 legisse
1012 2693 1074 2734 non
1097 2676 1143 2749 est

138 2790 221 2875 quod
244 2788 428 2854 dubitemus.
460 2786 571 2872 Neque
593 2810 663 2852 vero
686 2788 796 2852 idonea
819 2796 883 2852 erat
906 2756 997 2852 carisa
1013 2811 1068 2852 our
1083 2788 1143 2851 edi-

136 2918 216 2974 tores
239 2909 367 2973 titulum
388 2913 552 2972 mutarent.
584 2905 664 2971 Nam
685 2907 768 2991 quod
788 2907 874 2972 aiunt
890 2907 1035 2991 epistolae
1050 2907 1142 2971 liuius

138 3034 351 3114 argumentum
362 3027 500 3091 Platonis
513 3034 657 3112 personae
672 3034 703 3092 et
718 3026 808 3098 rebus
821 3048 882 3090 non
899 3049 963 3090 esse
980 3049 1143 3091 accommo-

137 3148 257 3226 datum,
282 3155 313 3211 at
333 3169 395 3211 non
417 3146 514 3232 magis
530 3146 687 3230 congruit,
700 3146 773 3242 *imo
785 3145 886 3213 minus
903 3146 1012 3224 etiam,
1034 3146 1142 3209 Dionis

136 3290 298 3353 personae,
338 3266 421 3352 quod
455 3267 534 3330 infra
568 3265 736 3331 ostendam.
783 3265 893 3349 Itaque
928 3273 1141 3349 argumentum

173 3547 198 3611 l)
216 3547 271 3597 Vitl.
288 3547 379 3606 Cobet,
397 3547 452 3596 Ver.
469 3545 547 3597 Ieett.
563 3562 587 3610 p.
607 3544 663 3598 271.

171 3644 195 3707 2)
207 3636 241 3693 ‘ld
263 3659 307 3708 pro
331 3658 387 3692 vero
408 3645 522 3707 certoque
545 3642 628 3692 habuit
645 3642 811 3700 Tennemann,
828 3641 891 3706 Syst.
909 3641 951 3691 der
968 3641 1028 3692 Plat.
1046 3641 1104 3707 phil.
1122 3642 1144 3693 I.

138 3757 161 3805 p.
179 3738 235 3792 107.
269 3739 318 3799 „Es
334 3739 366 3788 ist
383 3738 439 3788 aber
456 3754 484 3788 nu
503 3737 630 3788 bemorkon
648 3739 701 3788 dass
717 3737 836 3802 Diogenes
853 3738 899 3786 den
916 3742 993 3787 ersten
1012 3742 1081 3787 noter
1099 3740 1143 3789 den

138 3835 200 3886 noch
216 3834 399 3894 vorhandenen,
423 3833 466 3883 wia
488 3832 569 3900 billig‚
593 3834 658 3884 nieht
681 3834 727 3884 mit
744 3836 814 3883 nnter
831 3834 875 3883 den
892 3833 1059 3883 Platonisohen
1077 3836 1144 3884 reeh-

138 3935 194 3992 net‚
219 3932 271 3980 weil
294 3947 320 3980 er
336 3931 381 3980 den
404 3929 451 3978 Dio
474 3945 528 3979 zum
546 3929 667 3980 Vererer
684 3930 750 3980 nat?
784 3931 884 3980 Secutus
901 3934 936 3980 est
953 3931 977 3979 in
994 3930 1040 3979 hoo
1058 3930 1147 3980 Wesse·

138 4026 239 4092 linglom
256 4024 333 4089 Epist.
350 4025 381 4074 ad
398 4023 541 4083 Venemam,
559 4039 584 4089 p.
600 4025 641 4074 42.

171 4121 195 4184 Β)
212 4121 266 4172 vid.
284 4119 416 4170 Stnllbaum
434 4121 470 4169 ed.
487 4118 551 4169 Plat.
568 4135 624 4185 opp.
642 4119 684 4169 Gr.
702 4120 756 4169 Ver.
774 4119 840 4169 leott.
858 4119 925 4168 'l'onn
942 4118 996 4167 llll.
1014 4135 1036 4182 p.
1054 4118 1111 4171 tot.
