2746 4950
663 366 703 426 91

182 577 218 646 ὡς
242 572 356 648 άνάξνον
379 579 430 638 τοῦ
453 573 556 638 Πυθίου
580 573 629 638 aa}
652 575 710 655 οὐχ
732 570 807 644 θπιος
830 574 899 643 θεοῖς
923 572 994 635 άλλ’
1017 570 1073 636 οὐδ’
1092 569 1191 649 άνθρά·

183 717 246 762 ποις
269 691 367 765 δεξιοῖς
384 691 499 770 πρέπον.
524 690 595 754 Vid.
612 681 756 754 Salomon
772 691 804 753 iu
819 689 898 754 libro
913 688 997 772 laud.
1012 712 1041 774 p.
1057 689 1086 752 5.
1111 688 1193 751 Wie-

183 810 281 894 gand‚
312 833 342 894 p.
362 809 393 872 5
419 832 463 893 sq.
487 809 592 874 Simile
615 809 739 874 initium
763 817 809 896 est
830 809 929 894 Epist.
955 807 1054 886 XIII,
1078 807 1132 872 ubi
1155 807 1193 871 de

181 929 313 993 formula
342 923 374 993 εὖ
403 928 540 1009 πράττειν
571 928 657 992 dicit:
689 929 769 1008 άρχή
800 952 841 993 σοι
865 936 918 1003 τῆς
941 928 1095 1005 ἐπιστολῆς
1118 926 1191 992 ἐστιν

182 1048 231 1112 ael
255 1044 324 1126 άμοι
345 1045 493 1125 ξύμβολον
516 1045 558 1112 θτι
580 1051 652 1128 πάρ’
674 1050 744 1125 ἐμοῦ
769 1047 857 1113 ἐστίν.

227 1165 262 1249 Si
290 1172 393 1230 autem
423 1165 514 1230 rerba
545 1165 750 1243 attendimus,
782 1165 873 1229 etiam
900 1165 950 1229 hic
973 1164 1137 1228 incidimus
1160 1164 1192 1226 in

181 1287 286 1350 inanes
309 1285 505 1370 repetitiones
529 1292 560 1348 et
583 1284 742 1370 ambages,
763 1284 938 1348 cuiusmodi
957 1291 1003 1348 est
1018 1284 1127 1347 hocce:
1148 1275 1194 1362 ἄρ’

181 1406 282 1484 ὀρθῶς
316 1401 546 1483 τυγχάνοιμι
576 1411 628 1478 τῆς
659 1401 818 1479 βελτίστης
850 1403 1041 1484 προσράσεωςς
1072 1402 1195 1466 Dicitur

182 1520 567 1603 comtemnendam,
591 1521 789 1586 ferendumne
813 1522 906 1586 etiam
928 1524 1008 1600 ὀρθῶς
1032 1521 1195 1602 τυγχάνειν

181 1647 233 1706 τοῦ
263 1639 390 1705 σκίπουί
421 1638 492 1704 Non
524 1640 632 1724 opinor
639 1666 648 1718 3
682 1640 769 1725 quasi
793 1641 846 1724 qui
868 1641 984 1725 tangit,
1009 1641 1105 1725 possit
1130 1662 1195 1704 non
1268 1660 1273 1668 ·

180 1766 262 1824 recte
284 1767 417 1844 tangere.
445 1758 551 1823 Inanis
574 1781 696 1843 quoque
711 1759 881 1844 tautologia
897 1759 986 1823 estin
998 1759 1096 1824 verbis
1108 1759 1191 1824 κνιτά

182 1880 233 1952 τὴν
252 1880 323 1952 ἐμίιν
346 1876 531 1953 ξυννθείοον
553 1915 599 1926 -
620 1877 737 1958 ὥσπερ
760 1876 863 1943 είυθσο
886 1881 913 1943 ἐν
935 1886 1001 1952 τοιίς
1026 1881 1193 1951 ἐπιστολαῖς

181 1997 242 2061 κτὲ.
273 1996 333 2060 Pro
362 1996 462 2072 κλήσει
480 1999 769 2079 ,πάροικελευσοιίμνν
795 1995 832 2062 άν
863 2005 1068 2083 exspectasses
1092 1998 1193 2073 κλήσει

181 2116 316 2196 τοινιθτχι
340 2117 385 2180 ita
405 2115 488 2180 nude
511 2116 625 2180 durius*
635 2117 769 2201 positum
785 2125 840 2181 est.
864 2116 1005 2202 Denique
1021 2125 1190 2202 postrema:

181 2235 230 2300 κοιί
250 2242 349 2300 τοιῖντοι
368 2235 422 2312 μὲν
440 2231 485 2300 οὖν
504 2232 591 2307 οὕτως
611 2237 723 2316 εἰρήσθω
743 2239 812 2317 πάρ’
831 2238 916 2314 ἐμοῦ,
942 2236 1111 2300 affectatam
1127 2259 1194 2321 gra·

182 2355 307 2417 vitatem
337 2353 489 2418 redolent:
523 2361 595 2417 sunt
629 2354 731 2438 potius
764 2354 892 2417 oratoris
924 2365 1032 2418 coram
1049 2355 1193 2445 concione

183 2473 328 2549 dicentis,
352 2494 445 2557 quam
467 2473 623 2537 familiaris
647 2473 686 2536 ad
707 2473 885 2538 familiarem
908 2472 1077 2538 scribentis.

227 2583 298 2655 Duo
321 2591 395 2656 haec
419 2614 497 2675 quae
519 2591 640 2669 notavi,
674 2591 813 2656 affectata
835 2592 981 2657 orationis
1004 2592 1137 2677 gravitas
1162 2600 1193 2656 et

182 2718 284 2775 tumor
306 2717 398 2794 atque
420 2711 519 2775 inanis
543 2718 573 2774 et
589 2712 727 2794 quaesita
742 2711 903 2775 verborum
917 2711 1139 2788 redundantia,
1157 2718 1194 2775 nt

182 2831 216 2893 in
250 2830 405 2914 superiore
439 2830 483 2893 ita
515 2831 548 2894 in
578 2831 634 2894 hac
662 2833 832 2916 ceterisque
859 2831 996 2917 epistolis
1022 2832 1119 2895 risum
1146 2831 1195 2894 vel

184 2947 321 3012 taedium
343 2954 467 3012 movent
485 2948 600 3012 lectori.
636 2947 724 3029 Quae
741 2972 765 3013 e.
780 2972 809 3034 g.
826 2956 872 3012 est
884 2949 1033 3035 jactantia
1047 2955 1077 3012 at
1093 2956 1196 3013 tumor

184 3068 216 3130 in
251 3066 299 3129 his
330 3062 446 3145 verbis,
482 3066 595 3151 quibus
626 3067 701 3131 dicit
732 3089 763 3130 se
786 3067 926 3152 Dionysii
949 3068 1140 3152 aliorumque
1161 3067 1197 3132 li-

184 3187 259 3250 teris
288 3186 467 3249 arcessitum
490 3209 554 3250 esse
577 3197 613 3250 ut
636 3188 668 3250 iu
692 3187 827 3252 Siciliam
851 3187 983 3265 reniret,
1007 3211 1037 3272 p.
1063 3190 1124 3253 317
1150 3187 1193 3250 B:

186 3303 363 3383 σιίσχθνομοιι
384 3304 434 3378 an
458 3304 570 3387 λέγειν,
604 3302 672 3370 θσοιιι
697 3305 758 3372 τότ’
783 3306 935 3370 ἐπιστολοοί
966 3307 1048 3384 ποιρά
1072 3311 1121 3370 σοῦ
1146 3306 1195 3370 κυνί

134 3496 136 3498 ,
184 3426 252 3501 πάρ’
283 3422 381 3487 άλλοον
412 3418 494 3497 ἦλθον
517 3423 573 3489 ,διά
603 3450 637 3489 σε
659 3424 697 3502 ἐξ
726 3426 856 3498 Ἰτοιλίοις
889 3426 937 3490 aa}
966 3427 1122 3499 Σικελίοις,
1146 3424 1196 3488 κοιί

185 3540 252 3622 πάρ’
283 3538 365 3614 θσους
392 3548 448 3607 τῶν
479 3544 560 3619 ἐμῶν
584 3546 688 3609 οἰκείων
721 3545 770 3608 aad
806 3546 888 3629 [τῶν]
922 3545 1086 3624 γνωρίμων,
1118 3543 1196 3628 [κυνί]

184 3664 282 3724 πάσοιι
312 3659 553 3738 διοικελευθμενσιί
580 3686 627 3738 μοι
661 3660 731 3727 ίένοιι
762 3662 812 3726 κοιί
841 3663 975 3740 oseaeun-
1007 3661 1049 3727 σοί
1081 3662 1197 3735 πάντως

184 3779 237 3856 ἐμὲ
267 3778 432 3842 πείθεσθοοι.
457 3778 544 3843 ἐθάκει
568 3780 600 3854 δίς
624 3783 713 3844 πάσιν
736 3780 905 3862 άρξοιμένοις
928 3780 988 3845 άπὸ
1014 3780 1118 3852 Δίωνος
1142 3781 1197 3844 δεῖν

185 3899 237 3978 ἐμὲ
253 3904 381 3963 πλεῦσοιι
398 3899 448 3962 ael
463 3902 506 3974 μὴ
522 3900 760 3980 μαλθακίζεσθαι.
777 3903 805 3984 1)·
823 3900 966 3965 Ceterum
985 3922 1047 3963 uon
1063 3906 1128 3963 erat
1143 3922 1197 3963 cur

220 4072 243 4126 1)
260 4069 331 4134 Quae
345 4069 384 4134 []
409 4068 494 4119 inclusi
520 4070 604 4119 melius
620 4070 741 4131 abessent3
760 4070 888 4120 sedetiam
906 4071 930 4118 in
951 4086 992 4119 usu
1013 4069 1097 4118 hurum
1110 4085 1197 4118 vocum

186 4152 269 4203 erebro
286 4155 384 4217 peccant
401 4150 445 4200 hae
461 4150 591 4216 Epistolae.
