2746 4950
666 318 729 379 206

192 519 279 595 λόγον
289 570 295 582 .
307 571 332 585 ..
350 518 594 597 discernendae
610 523 772 603 γεγονέναι,
791 546 860 587 cum
871 524 1035 610 frequente
1050 550 1114 592 usu
1124 551 1202 595 voca

193 636 259 700 buli
281 641 432 712 rnoleloe
454 641 487 703 in
510 639 664 724 Epistolae
686 640 753 704 loco
777 641 878 706 allato.
925 643 1012 708 Haec
1039 645 1117 727 11111
1135 655 1202 711 sunt

192 765 227 820 ut
250 757 366 840 puerile
388 757 526 822 imitandi
550 758 687 823 studium
710 759 849 843 prodant.

236 873 267 937 Si
298 876 477 938 sententiam
508 884 645 960 spectes,
677 886 801 961 apparet
824 877 1124 965 Epistolographum
1147 884 1199 946 hoe

190 992 320 1056 Phaedri
350 992 416 1058 loco
440 995 483 1058 ita
505 1016 593 1060 usum
618 1017 698 1072 esse,
722 1002 758 1058 ut
781 1017 858 1079 quae
881 996 923 1061 ibi
946 996 1072 1062 Socrati
1096 1000 1199 1065 tribuit

190 1111 295 1189 Plato,
320 1134 355 1176 ea
377 1113 409 1176 in
432 1113 533 1197 ipsum
556 1112 714 1177 Platonem
738 1114 915 1194 transierat3
940 1117 1026 1200 quod
1044 1140 1144 1203 aeque
1159 1121 1197 1182 in-

190 1252 359 1314 congruum
389 1239 419 1294 et
442 1230 589 1307 absonum
613 1242 657 1296 est
688 1255 721 1296 ac
745 1233 787 1310 si,
818 1255 896 1316 quae
924 1235 957 1298 in
981 1237 1142 1322 Apologia
1163 1238 1197 1301 de

189 1372 245 1414 sua
267 1349 424 1413 hominum
448 1351 646 1434 percontandi
661 1351 778 1415 ratione
794 1350 931 1415 Socrates
947 1353 1094 1435 disserit,
1120 1357 1195 1419 eain

188 1469 346 1532 Platonem
377 1469 620 1533 transferrentur.
668 1469 756 1534 Plato
779 1471 816 1534 iis
845 1492 922 1554 quae
945 1471 1106 1538 dicentem
1128 1476 1194 1559 facit

187 1587 338 1651 Socratem
359 1589 520 1674 praecipue
536 1588 567 1651 id
584 1590 745 1674 spectavit,
770 1599 805 1652 ut
819 1591 966 1654 rationem
982 1592 1130 1658 redderet
1145 1617 1195 1658 cur

185 1707 235 1770 ille
266 1707 398 1791 cogitata
421 1730 476 1770 sua
497 1729 575 1785 non,
599 1715 634 1772 ut
656 1708 791 1773 rhetores
822 1718 852 1772 et
875 1709 1047 1793 sophistae,
1076 1715 1192 1798 scriptis

185 1825 370 1889 orationibus
394 1826 579 1910 exposuerit,
604 1826 655 1890 sed
680 1827 887 1905 sermonibus;
911 1836 976 1891 tum
1005 1832 1192 1896 veroeadem

183 1945 299 2008 ratione
323 1945 481 2029 explicuit,
506 1967 596 2028 quam
621 1945 659 2010 ob
679 1968 800 2009 causam
815 1947 894 2032 ipsc,
918 1947 1026 2011 relicta
1043 1952 1192 2035 sophista·

184 2087 252 2129 rum
275 2063 442 2128 disserendi
465 2073 495 2128 et
517 2064 705 2128 declamandi
729 2065 963 2142 consuetudine,
989 2089 1055 2131 non
1072 2070 1190 2146 λόγους,

184 2185 236 2248 sed
252 2184 290 2247 ad
305 2185 443 2267 magistri
459 2184 629 2268 exemplum
645 2183 797 2260 διαλόγους
814 2185 1036 2270 composuerit,
1065 2186 1190 2250 eandem

182 2305 214 2366 in
241 2302 398 2366 scribendo
420 2302 567 2365 rationem
591 2311 710 2365 secutus
734 2324 826 2386 qnam
848 2303 880 2364 in
904 2301 1084 2366 disserendo
1110 2327 1190 2388 prae·

181 2422 275 2486 iverat
297 2422 443 2486 Socraten.
460 2423 481 2504 ¹)
511 2420 627 2484 Verum
650 2421 767 2506 opinari
782 2421 956 2499 Platonem,
981 2443 1062 2505 quae
1079 2424 1112 2486 in
1130 2423 1189 2486 dia·

180 2541 258 2624 logis
288 2540 443 2617 tractavit,
475 2561 551 2623 quae
583 2538 620 2602 de
650 2561 737 2617 vero,
769 2539 893 2625 pulcro,
918 2542 1020 2625 justo,
1045 2562 1129 2624 quae
1152 2541 1188 2605 de

181 2659 317 2736 civitate,
349 2657 386 2721 de
416 2662 540 2734 natura,
572 2656 609 2720 de
640 2657 780 2734 scientia,
812 2656 850 2720 de
875 2657 1110 2724 immortalitate
1134 2660 1190 2723 dis·

182 2778 292 2855 seruit,
324 2799 385 2840 non
416 2776 475 2839 nisi
505 2775 571 2838 ludi
602 2797 692 2839 causa
721 2776 892 2860 scripsisse,
923 2798 1023 2860 neque
1054 2776 1107 2841 his
1136 2802 1189 2843 sua

181 2898 313 2980 cogitata
343 2896 380 2959 de
411 2893 593 2979 gravissimis
617 2893 827 2980 philosophiae
851 2895 1084 2978 quaestionibus
1110 2920 1188 2962 oom-

180 3016 304 3101 plexum
335 3037 413 3090 esse,
446 3021 491 3077 est
514 3013 645 3077 hominis
668 3036 775 3099 parum
799 3015 880 3080 acuti
903 3015 950 3078 vel
972 3016 1080 3100 potius
1106 3040 1188 3102 prae

176 3133 314 3218 judicata
336 3133 477 3216 opinione
500 3131 627 3217 decepti.

225 3369 275 3434 Ad
297 3369 427 3433 alterum
446 3369 550 3433 venio:
575 3368 733 3433 Platonem
749 3368 864 3433 scilieet
880 3369 1112 3455 philosophiam
1128 3398 1189 3439 non

180 3488 393 3572 evulgandum,
419 3486 472 3551 sed
495 3487 707 3552 occultandam
730 3488 921 3553 multitudini
941 3497 1086 3575 putasse;
1105 3495 1188 3579 quod

211 3734 234 3794 1)
251 3735 378 3796 Eleganter
394 3736 419 3780 et
435 3730 529 3795 copiose
546 3731 654 3780 Platonis
671 3731 815 3782 sententiam
832 3732 934 3796 explieat
952 3748 996 3782 vsn
1009 3734 1128 3796 Hensde,
1141 3738 1188 3787 lni-

175 3832 208 3878 tia
231 3829 289 3892 phil.
313 3828 408 3876 Platon.
433 3828 471 3886 ll,
493 3827 522 3877 P.
548 3829 575 3885 l,
600 3843 624 3891 p.
646 3828 693 3876 120
711 3844 762 3892 sqq.
790 3828 835 3877 Hic
854 3835 880 3877 nt
897 3829 1019 3893 Epistulae
1037 3833 1115 3881 verba
1133 3851 1187 3885 cuin

175 3924 281 3973 Platonis
300 3924 407 3971 Phaedro
426 3922 549 3981 conciliet,
567 3938 594 3970 ea
612 3923 783 3986 interpretatur
800 3923 1051 3974 inhenesententiam
1067 3930 1187 3991 (p.127):

177 4020 296 4084 Epistolae
316 4020 468 4082 scriptorem,
487 4034 560 4081 quum
576 4018 701 4067 Platonem
719 4019 840 4082 scripsisse
858 4027 944 4083 negat,
963 4021 1007 4068 hoe
1027 4028 1128 4075 tanturn
1147 4042 1187 4077 vo·

178 4116 261 4173 luisse,
281 4115 348 4163 illum
368 4130 415 4163 non
434 4113 592 4178 sophistarum
610 4119 634 4162 et
652 4114 774 4163 rhetorum
792 4130 858 4163 more
874 4120 950 4180 λόγως
967 4117 1102 4180 scripsisse.
