2746 4950
665 330 704 410 77,

180 534 383 633 evometur·
409 537 423 602 ὃ
454 536 483 602 δὲ
513 535 680 622 (Διονύσιος)
711 537 968 619 διαμηχανώμενος
998 542 1064 607 τινα
1085 540 1187 622 τρόπον

180 655 355 734 ἀνασοβήσοι
379 680 418 734 με
438 656 526 734 μηδὲν
548 656 672 728 ἀποδοὺς
694 663 750 722 πῶν
773 658 885 730 Δίωνος.

225 774 332 860 Imago
362 775 424 838 avis
455 775 488 838 in
519 780 609 840 cavea
639 776 775 840 inclusae
808 799 883 841 num
906 777 956 842 hic
978 799 1123 863 personae
1142 777 1187 842 sit
1246 839 1248 844 .

181 893 255 958 satis
285 893 466 958 conveniens
490 893 609 958 dubito.
654 894 756 959 Petita
778 901 863 959 este
885 894 1042 975 Phaedro,
1066 919 1095 981 p.
1121 898 1185 959 249

181 1012 229 1091 D,
257 1012 311 1076 ubi
334 1013 447 1092 anima,
472 1034 550 1096 quae
572 1035 589 1077 e
611 1013 699 1077 terris
723 1012 761 1077 ad
784 1014 927 1078 coelestia
942 1014 1059 1079 evolare
1075 1015 1187 1080 frustra

182 1132 283 1216 cupit,
315 1131 428 1195 dicitur
457 1131 554 1212 ὄρνιθος
585 1132 661 1208 δίκην
688 1131 810 1209 βλέπειν
834 1130 909 1198 οἶνοι
934 1134 1039 1219 pulcre
1063 1157 1134 1198 sane
1157 1141 1188 1198 et

182 1258 261 1335 apte.
296 1249 471 1314 Parachesis
494 1251 582 1314 ποθῶν
605 1251 686 1316 ποθὲν
701 1250 817 1315 redolet
832 1252 1010 1316 facetiarum
1025 1271 1186 1339 aucupem.

182 1368 318 1434 Verbum
333 1370 488 1448 ανασοβεῖν
505 1369 656 1454 significat
662 1371 755 1456 force
765 1371 813 1434 vel
825 1392 891 1436 οοοο
905 1373 1045 1437 exciere
1060 1372 1188 1457 (belgice

150 1458 153 1468 .
181 1489 321 1572 opjuycc).
366 1486 455 1572 Lysis
478 1510 508 1572 p.
534 1489 597 1551 206
622 1488 667 1550 A:
693 1488 770 1560 ποῖος
793 1513 837 1561 τις
861 1486 1031 1558 otiatura
1055 1491 1131 1555 δοκοῖ
1143 1492 1188 1567 θν-

180 1608 279 1687 psucirc
295 1602 384 1684 εἶναι,
401 1608 424 1671 εἰ
439 1607 583 1684 οὶναοοβοῖ
591 1606 708 1687 θηρεύων
720 1606 769 1671 καὶ
782 1607 1018 1690 δυσαλιοποπέραν
1028 1611 1080 1685 τὴν
1092 1608 1188 1691 tepeo

182 1733 264 1790 ποιοῖ.
310 1725 371 1789 Hic
394 1748 463 1789 vcro
487 1747 593 1789 sensus
610 1724 746 1810 postulat
762 1727 858 1812 accipi
873 1749 928 1812 pro
944 1729 1060 1794 avolare
1074 1729 1188 1812 cupieo-

181 1851 236 1908 tem
251 1845 428 1920 retiacrc;
443 1815 532 1908 cuius
551 1843 779 1928 significationis
792 1844 900 1909 dubito
911 1868 984 1909 num
998 1847 1079 1931 apud
1092 1847 1188 1911 bonos

182 1962 344 2047 scriptores
375 1962 546 2048 exemplum
576 1963 758 2029 inveniatur.
805 1962 941 2049 Scriptor
971 1964 1021 2028 hic
1050 1965 1189 2030 similiter

181 2081 286 2166 lapsus
314 2081 435 2145 videtur
457 2090 493 2154 ut
516 2104 609 2167 supra
631 2082 664 2145 in
687 2081 778 2146 verbo
801 2082 959 2159 ἐπανάγειν
984 2085 1024 2169 (p.
1050 2087 1113 2148 325
1138 2086 1187 2169 A).

227 2199 317 2264 Brevi
356 2207 427 2285 post
460 2199 592 2284 erumpit
626 2200 880 2265 mercenariorum
919 2201 1046 2281 sediti03
1085 2224 1189 2266 rumor

190 2319 344 2404 spargitur
367 2341 433 2383 eam
456 2319 638 2382 concitatam
662 2341 726 2383 esse
750 2319 787 2383 ab
810 2318 988 2400 Heraclide,
1004 2342 1067 2385 uno
1084 2344 1100 2385 e
1116 2320 1190 2385 belli

183 2435 331 2514 ducibus3
349 2437 398 2500 hic
414 2436 547 2500 occultat
563 2459 611 2500 se:
635 2437 821 2519 Ἡρακλείδης
839 2439 987 2505 ἐκποδὼν
1004 2440 1089 2505 αὑτὸν
1101 2439 1189 2520 ἔσχεν

183 2557 304 2639 ἀφανῆ
319 2557 453 2640 (notetur
471 2555 666 2641 tautologia);
683 2556 849 2642 Dionysius
865 2536 983 2643 exqifli
999 2581 1069 2623 eum
1082 2558 1171 2645 jubet
1179 2584 1188 2636 ;

184 2676 295 2756 οὶπορῶν
311 2675 340 2738 δὲ
353 2674 518 2760 (Διονύσιος)
535 2675 673 2750 Θεοδόταν
685 2676 961 2757 μεταπεμψάμενος
973 2680 1012 2749 εἰς
1024 2677 1072 2743 τὸν
1083 2687 1187 2753 κῆπον·

184 2793 289 2874 ἔτυχον
308 2795 332 2858 δ’
348 2795 377 2858 ἕν
395 2797 436 2876 τῷ
455 2795 537 2875 κήπῳ
557 2796 639 2872 aare
655 2794 723 2860 ποτε
735 2802 916 2877 περιπατῶν·
929 2797 970 2879 πα
982 2799 1035 2875 μὲν
1046 2794 1092 2862 οὖν
1107 2797 1190 2862 ἄλλα

184 3033 254 3120 ἐμοῦ
273 3033 347 3110 προς7
361 3033 503 3098 Διονύσιον
516 3028 581 3097 οἶδα
596 3057 630 3099 πε
645 3035 694 3098 καὶ
710 3032 874 3111 μέμνημαι.
898 3031 1032 3098 Notetur
1047 3035 1079 3098 in
1095 3040 1191 3098 trans-

184 3150 232 3214 itu
247 3151 453 3215 anacoluthon
470 3150 557 3215 valde
573 3151 701 3229 durum,
719 3152 802 3236 quod
818 3160 920 3217 tamen
936 3153 1074 3238 scriptori
1086 3160 1191 3217 nostro

185 3270 306 3355 elegans
329 3271 427 3335 visum
450 3278 513 3335 est:
537 3277 606 3356 post
628 3252 825 3358 participium
845 3271 1120 3354 cataractariorum
1138 3279 1191 3336 aut

185 3390 311 3454 verbum
326 3390 536 3476 requirebatur
550 3389 695 3468 διελέγετο
716 3393 806 3473 αὐτῷ,
819 3397 873 3456 aut
884 3392 1036 3478 participii
1046 3391 1114 3455 loco
1125 3413 1193 3476 pos-

185 3509 342 3574 tulabatur
366 3510 490 3575 verbum
513 3509 635 3574 finitum
650 3510 878 3590 μετεπέμψατο.
926 3508 1080 3594 Colloquii
1103 3531 1192 3574 sceno

185 3634 231 3691 est
261 3629 289 3692 ἕν
319 3629 360 3709 τῷ
387 3622 485 3708 uterq,
509 3627 589 3691 sicut
610 3628 644 3692 in
666 3627 806 3712 Epistola
828 3627 897 3707 HI,
921 3651 951 3713 p.
977 3630 1039 3692 319
1066 3629 1111 3707 A,
1135 3627 1191 3692 ubi

185 3721 282 3810 simile
306 3745 445 3832 jurgium
468 3746 528 3811 alia
550 3746 588 3811 de
610 3769 643 3810 re
663 3753 694 3811 et
709 3768 811 3811 coram
834 3746 901 3811 aliis
924 3747 1056 3818 testibus⁴
1077 3746 1192 3811 drama·

184 3866 243 3928 tice
273 3865 464 3950 proponitur.
510 3864 600 3945 Plato
627 3865 704 3929 forte
732 3864 776 3930 ibi
805 3863 964 3929 ambulans
987 3864 1071 3929 videt
1092 3871 1193 3948 tyran-

185 4007 259 4048 num
290 4007 360 4049 cum
383 3984 539 4050 Theodoto
562 3986 804 4069 colloquentem,
829 3985 882 4050 'sed
905 4007 968 4049 non
984 3984 1071 4049 audit
1087 4005 1191 4048 eorum

186 4125 370 4169 sermonem:
410 4127 511 4189 „quac
540 4127 611 4170 vero
642 4127 741 4170 coram
779 4128 840 4183 me,
872 4105 990 4188 inquit,
1021 4103 1192 4168 Theodotes
