2746 4950
660 331 701 391 58

180 563 231 621 ραν
261 539 289 604 ἕν
319 564 371 605 τινι
402 541 494 621 τρόπῳ
525 540 600 602 δοκεῖ
623 537 690 618 ζῆν,
715 537 745 601 h.
770 560 795 601 e.
818 540 891 602 satia
913 540 988 602 θονια.
1036 538 1124 604 Dein
1148 548 1191 604 at·

180 659 332 724 tendenda
361 667 407 723 est
438 657 547 722 dictio:
579 658 631 732 τὴν
660 656 811 734 ἐπιθυμίαν
842 657 894 730 τὴν
925 659 1072 722 Διονυσίου
1101 665 1190 739 φιλο

181 780 285 858 οοΦίας
311 779 361 844 καί
391 777 524 849 παιδείαις
558 779 602 847 ὡς
626 777 709 858 ἔχοι
731 776 884 854 τφίδοαι
909 775 1049 841 additum
1071 778 1190 858 σφόδρα

179 897 337 962 obscuram
359 896 433 960 facit
454 895 614 960 verborum
626 896 803 980 juncturam
808 920 817 972 ;
842 894 963 959 dubites
980 895 1062 959 euim
1077 904 1190 961 utrum

179 1017 305 1102 genitivi
321 1015 472 1102 pendeant
487 1038 505 1079 a
520 1037 591 1079 voce
607 1015 759 1092 ἐπιθυμίαν
775 1036 814 1077 an
830 1021 1002 1098 asequente
1017 1016 1055 1086 ὡς
1071 1015 1190 1096 οφοδρα

179 1137 251 1217 ἔχοι.
275 1135 429 1199 Posterius
452 1141 533 1199 certe
554 1133 652 1198 voluit
674 1133 818 1218 scriptor,
842 1132 896 1197 sed
910 1139 946 1197 ut
960 1140 1042 1198 recte
1058 1133 1191 1200 dixisset

179 1256 312 1326 παιδείας
335 1256 372 1327 ὡς
394 1254 474 1337 ἔχοι,
497 1255 632 1339 quonum
651 1275 681 1317 se
699 1254 814 1317 θοθονοθ
832 1255 875 1316 ad
887 1254 1063 1331 doctrinam,
1081 1275 1190 1338 quem·

180 1374 344 1439 admodum
374 1379 433 1447 πῦς
464 1371 544 1454 ἔχει,
575 1369 607 1437 εὖ
637 1372 699 1452 ἔχει
728 1393 798 1435 cum
821 1371 955 1457 genitivo
973 1371 1066 1456 jungi
1089 1373 1189 1452 solet,

179 1496 222 1559 ita
252 1493 372 1558 insolite
404 1491 513 1578 adjecit
543 1490 621 1555 illud
651 1490 773 1573 σφόδρα.
826 1489 935 1576 Inepta
973 1489 1109 1574 denique
1143 1501 1191 1558 est

179 1613 339 1677 verborum
370 1610 541 1697 copulatio:
571 1612 608 1681 ὡς
635 1607 848 1688 εὐπαράκλητοι
878 1603 932 1674 εἶεν
962 1608 1030 1689 πρὸς
1060 1608 1111 1674 τὸν
1139 1611 1191 1675 ὑπ’

179 1734 249 1810 ἐμοῦ
272 1731 427 1808 λεγόμενον
449 1730 495 1794 atr>
518 1729 627 1807 λόγον
649 1729 698 1794 καί
721 1728 809 1806 βίον.
844 1727 925 1792 Nam
947 1729 961 1793 ὅ
983 1727 1029 1792 οίεί
1045 1728 1098 1792 ὑπ’
1115 1732 1191 1806 ἐμοῦ

179 1850 335 1930 λεγόμενος
366 1849 453 1927 λόγος
484 1845 565 1912 ideui
595 1854 641 1911 est
671 1854 763 1931 atque
789 1845 804 1910 ὁ
832 1848 877 1911 οίεί
914 1846 1073 1924 λεγόμενος
1102 1847 1189 1925 βίοςε

178 1968 324 2054 intelligit
354 1991 420 2032 eam
449 1967 542 2031 vitam
574 1988 666 2051 quam
695 1965 787 2030 modo
817 1966 996 2029 memoravit
1017 1964 1124 2031 diceus
1149 1967 1190 2032 de

178 2089 342 2174 Dionysio,
374 2088 413 2159 είς
445 2086 597 2164 ἐπιθυμίαν
631 2087 721 2150 ἐλθεῖν
754 2084 842 2150 αὐτὸν
874 2090 925 2150 τοῦ
950 2085 1114 2150 καλλίστου
1137 2086 1189 2151 καί

177 2209 294 2289 οίοίοτου
316 2207 390 2285 βίου.
436 2205 544 2270 Dicere
567 2212 709 2290 potuerat
730 2204 778 2269 τὸν
800 2203 845 2268 ciel
867 2217 936 2281 λεν.
951 2202 1037 2280 λίνον
1053 2203 1189 2284 περὶτοῦ

178 2327 294 2407 οέρίοτου
316 2325 397 2403 βίον,
421 2323 474 2387 sed
496 2323 583 2400 λίνος
603 2322 652 2388 καί
667 2323 730 2400 βίος
746 2322 848 2407 inepte
864 2321 1056 2406 copulantur.
1080 2321 1190 2389 Etiam

180 2445 252 2509 alibi
274 2445 376 2529 inepte
399 2443 483 2528 paria
505 2442 665 2507 verborum
687 2448 931 2526 componuntur,
954 2440 1040 2506 velut
1061 2464 1093 2526 p.
1119 2445 1187 2508 325

180 2563 226 2641 D,
257 2562 311 2628 ubi
341 2569 400 2633 τοῖς
429 2569 484 2627 τῶν
514 2561 644 2641 πατέρων
673 2560 748 2635 ἤθεσι
771 2560 819 2624 καί
843 2558 1068 2637 ἐπιτηδεύμασιν
1091 2533 1190 2648 oppe

179 2691 297 2746 uuntur
324 2681 365 2747 τίν
391 2686 446 2746 τῦν
472 2680 589 2757 νθμονν·
605 2680 813 2761 γροίμματα
835 2677 884 2742 καί
907 2677 982 2760 ten,
1008 2701 1069 2763 quo
1093 2680 1189 2764 signi-

180 2800 262 2864 ficari
284 2799 427 2864 videntur
448 2801 472 2864 οἱ
496 2799 572 2876 νόμοι
588 2799 637 2865 καί
652 2798 693 2862 τθι
716 2796 781 2874 ἔθος,
801 2799 875 2880 depes
892 2799 1018 2880 scriptae
1036 2805 1068 2861 et
1081 2821 1187 2865 οιοοοο.

180 2942 209 3004 p.
238 2921 301 2983 328
333 2918 378 2982 D:
414 2920 471 2999 οὐχ
495 2918 618 2982 ὁπλιτῶν
648 2915 777 2993 δεόμενος
800 2915 856 2980 οὐδ’
878 2913 987 2980 ἵππειον
1000 2965 1007 2981 .
1022 2965 1030 2980 .
1044 2965 1076 2982 ..
1099 2917 1187 2983 οίλλοδ

180 3038 293 3114 λόγων
323 3040 372 3102 καί
404 3037 557 3117 πειθοῦς,
589 3057 667 3119 quae
689 3057 798 3120 parum
821 3041 890 3119 apte
907 3035 1098 3120 junguntur3
1122 3059 1185 3101 me·

180 3156 240 3220 lius
271 3156 371 3220 fuerat
401 3156 522 3237 διδαχῆς
552 3154 602 3220 καί
634 3156 755 3226 πειθοῦς.
790 3152 904 3217 Nostro
930 3153 997 3217 loco
1021 3153 1114 3217 etiam
1133 3176 1187 3219 no

180 3274 323 3351 tandum,
347 3273 472 3337 verbum
495 3271 713 3354 εῦπαοοίαλντος
735 3271 768 3335 in
783 3270 911 3335 Platone
926 3293 988 3335 non
1003 3271 1073 3356 legi.
1097 3269 1185 3352 Quid

181 3401 282 3458 autem
311 3391 474 3456 dicendum
501 3391 538 3456 de
568 3392 625 3455 hac
656 3398 825 3486 structura:
856 3389 940 3463 ἐλπίς
971 3395 1056 3456 ποῦσα
1079 3392 1187 3458 οίποπε·

179 3512 350 3586 λεοθιίοεται
383 3515 433 3575 τοῦ
463 3511 524 3575 κτέ.
555 3531 610 3594 pro
641 3531 702 3592 quo
732 3515 813 3573 recte
843 3507 1016 3593 Stephanus
1046 3509 1090 3573 sic
1121 3509 1185 3596 legi

56 3672 60 3676 ν
180 3638 319 3718 oportere
348 3629 484 3695 monuit:
513 3629 597 3702 ἐλπίς
628 3631 715 3693 ποῦσα
744 3629 1026 3703 οίποτελεοθνίοεοθαι
1052 3628 1086 3692 τὸ
1116 3629 1185 3701 τοὺς

181 3753 284 3821 αὐτοὺς
299 3800 305 3814 .
320 3799 349 3813 ..
373 3748 521 3827 ξυμβῆναι
541 3746 718 3825 γενομένους.
744 3746 857 3811 Utrum
876 3769 946 3811 vero
961 3746 1020 3809 hoc
1036 3746 1077 3810 sit
1092 3746 1185 3832 scrip-

179 3870 253 3934 toris
275 3869 384 3932 vitium
408 3890 446 3931 en
468 3867 598 3945 librarii,
622 3864 861 3952 dijudicaretur
884 3865 991 3930 ausim.

226 3987 313 4052 Talia
342 3987 412 4051 Dio.
445 3986 494 4050 Ad
524 3986 599 4050 haec
622 3992 800 4071 personatus
826 3984 915 4048 Plato
940 3984 1078 4070 reponit,
1107 4005 1187 4068 quae

182 4105 375 4170 difficultates
404 4127 435 4168 se
458 4105 495 4169 ab
518 4105 625 4172 itinere
649 4103 851 4181 deterrerent,
875 4126 904 4187 p.
930 4106 993 4166 328
1018 4101 1061 4165 B:
1085 4104 1137 4178 τὴν
1161 4104 1186 4168 δ’
