2746 4950
665 326 704 386 55

181 533 281 612 ἑτέροις
309 533 368 597 rici
391 534 456 596 ποτ’
474 531 510 597 όιν
526 531 675 609 γενέσθαι,
692 528 728 596 ὧν
747 531 798 595 καὶ
814 529 957 596 Διονόοιον
976 531 1052 613 πόχ’
1066 532 1102 598 όιν
1121 532 1188 608 ξυλ-

181 651 392 730 λαμβανόντιον
408 653 473 716 θεῶν
489 650 538 715 ἕνα
561 650 692 716 ἔοεοόαι·
716 651 868 727 γενομένου
891 649 920 714 δὲ
940 651 1057 733 τούτου,
1082 652 1131 717 τόν
1153 679 1187 718 τε

181 773 270 836 αὑτοῦ
286 771 348 849 βίον
364 768 414 834 καὶ
434 769 482 834 τόν
504 774 559 834 τῶν
575 767 675 834 ἄλλων
691 769 888 855 Συρακουσίων
903 767 1043 850 μακόριον
1058 769 1182 838 ἔοεοόαι.

181 888 290 953 Studet
313 889 442 973 scriptor
463 909 625 951 numeroso
649 893 679 951 et
701 887 798 950 faceto
821 886 982 951 verborum
1006 887 1136 953 circuitu
1157 897 1187 954 et

181 1029 332 1072 concursu
355 1029 442 1071 aures
466 1006 632 1083 delectare,
657 1013 688 1069 at
711 1006 832 1069 inanem
856 1006 1016 1090 strepitum
1040 1016 1140 1071 movet
1156 1016 1186 1072 et

181 1150 304 1191 sensum
339 1127 514 1212 corrumpit.
563 1125 779 1190 Animadverte
803 1125 898 1189 sexies
921 1126 954 1190 in
976 1149 1039 1190 una
1061 1127 1186 1211 periodo

180 1247 271 1310 variis
294 1247 398 1311 formis
420 1246 582 1331 repetitum
605 1245 687 1309 idem
709 1245 932 1310 verbumzaor’
947 1243 983 1309 όιν
998 1246 1187 1323 γενέσθαι-

180 1368 368 1445 ἕηγινομὲνην
391 1365 518 1441 δἀὐτην
540 1403 585 1413 -
607 1364 779 1461 γιγνομένην
801 1366 826 1428 δ’
840 1360 885 1430 οὖν
906 1403 951 1412 -
966 1350 1096 1442 γενέσθαι
1111 1366 1187 1447 τάχ’

180 1485 233 1568 όιν,
257 1484 408 1564 γενομένου
434 1486 458 1548 δ’
473 1479 512 1549 αὖ
533 1522 578 1533 -
600 1483 694 1561 ξυμβ.
723 1483 882 1562 γενόμενον.
929 1483 1031 1547 Verba
1053 1485 1188 1563 ἐγγιγνο-

180 1604 266 1680 μένην
280 1656 287 1670 .
302 1653 331 1670 ..
355 1604 419 1684 όρῶν
441 1602 570 1669 κατενόει
585 1601 663 1666 male
683 1602 843 1666 cohaerent
860 1623 930 1666 cum
946 1603 1052 1667 ceteris
1069 1612 1099 1668 et
1115 1627 1183 1668 con·

180 1723 377 1788 structionem
400 1721 535 1786 turbant.
582 1721 701 1785 Deinde
724 1721 858 1785 notanda
882 1729 928 1785 est
946 1721 1064 1786 insulsa
1078 1722 1184 1807 hyper·
1226 1695 1228 1697 Ι

179 1841 250 1906 bola
271 1842 304 1906 in
326 1841 483 1922 ἀμήχανον
505 1840 706 1921 μακαριότητι.
731 1839 867 1903 Socrates
884 1839 1008 1924 quidem
1022 1841 1056 1904 in
1071 1841 1184 1927 Apolo-

180 1962 231 2047 gia
253 1984 282 2046 p.
308 1963 347 2024 41
374 1958 465 2024 Gita
487 1960 640 2045 loquitur,
665 1960 702 2023 de
726 1959 897 2023 animorum
920 1966 1002 2024 statu
1026 1967 1095 2045 post
1109 1983 1187 2025 mor-

181 2088 242 2145 tem
269 2079 435 2158 disserens,
460 2102 556 2164 qunm
579 2078 654 2142 dicit
677 2100 796 2163 sperare
819 2101 850 2142 se
877 2077 921 2142 ibi
943 2079 976 2142 in
998 2079 1187 2164 colloquium

180 2207 343 2264 venturum
367 2220 436 2263 cum
460 2197 582 2283 optimis
606 2205 637 2261 et
657 2197 886 2282 sapientissimis
903 2198 1001 2262 omnis
1018 2199 1083 2263 aevi
1100 2199 1187 2278 viris,

180 2314 220 2390 alc
250 2318 435 2395 διαλέμεοόαι
448 2367 455 2381 .
470 2367 500 2381 ..
532 2319 688 2397 οὲμηχανον
718 2314 754 2382 όιν
784 2317 825 2392 εἴη
851 2317 1032 2396 εὐδαιμονίας
1055 2317 1186 2396 νιόντωςς

180 2437 232 2502 sed
256 2443 363 2522 putare
386 2458 417 2500 se
439 2435 559 2521 legibus
580 2442 610 2499 et
624 2435 772 2499 institutis
788 2436 926 2519 quamvis
943 2436 1064 2521 optimis
1081 2436 1185 2501 afferre

180 2554 360 2619 mortalibus
377 2576 464 2640 posse
479 2554 542 2631 βίον
557 2555 714 2635 όμηχανον
729 2552 936 2633 μακαριότητι,
953 2554 985 2618 id
997 2555 1067 2618 vani
1083 2555 1184 2640 potius

180 2674 311 2739 hominis
343 2679 389 2737 est
419 2695 511 2757 quam
524 2671 705 2755 φιλοσόφου.
751 2673 893 2757 Denique
915 2680 1039 2737 notetur
1061 2673 1186 2739 circum·

180 2793 295 2858 locutio
317 2791 466 2870 ξυμβῆναι
489 2791 641 2870 γενόμενον
665 2791 805 2876 scriptori
824 2791 915 2855 nimis
939 2791 1095 2874 frequenS,
1116 2815 1142 2857 e.
1155 2816 1184 2877 g.

181 2937 211 2998 p.
236 2915 299 2977 328
324 2912 369 2975 A:
393 2910 477 2985 ἐλπὶς
500 2914 586 2975 adca
599 2959 606 2974 .
621 2959 650 2975 ..
674 2912 739 2982 τοὺς
762 2911 867 2983 αὐτοὺς
889 2911 1067 2994 Φιλοσόφους
1086 2914 1185 2977 τεκαὶ

180 3029 290 3101 πόλεως
320 3028 468 3110 ἄρχοντας
490 3027 639 3106 ξυμβῆναι
665 3026 842 3105 γενομένους.
872 3026 991 3092 Vitiosa
1013 3051 1136 3112 prorsus
1155 3053 1185 3114 p.
1207 3069 1208 3072 =

181 3151 245 3213 330
276 3148 320 3212 B:
352 3150 365 3213 ό
392 3152 500 3229 πρῶτος
523 3147 556 3222 aa
578 3147 677 3228 χρόνος
691 3197 698 3211 .
713 3195 743 3210 ..
767 3147 814 3212 tric
836 3144 937 3212 πιόντα
959 3152 1059 3212 ταῦτα
1081 3146 1187 3225 ξυνέβη

180 3266 347 3344 γενόμενος,
364 3265 448 3350 quod
471 3265 586 3330 scilicet
608 3265 774 3350 significat:
792 3264 923 3348 primum
944 3272 1053 3348 tempor
1067 3315 1073 3328 .
1141 3268 1187 3330 tte

180 3388 264 3450 νοόιαι
285 3391 463 3449 transactum
485 3391 536 3448 eat.
572 3382 618 3448 Cf.
640 3408 673 3469 p.
697 3387 761 3448 332
786 3383 820 3448 C.
844 3383 943 3468 Epist.
959 3383 1056 3462 VIII,
1073 3408 1103 3470 p.
1121 3387 1184 3449 353

181 3505 224 3582 B,
249 3504 289 3567 D.
335 3503 435 3568 Simili
457 3502 641 3589 macrologia
663 3503 753 3567 verbo
776 3504 929 3581 γίγνεσθαι
952 3504 1041 3568 etiam
1064 3504 1097 3567 in
1120 3504 1186 3568 aliis

180 3622 388 3688 locutionibus
414 3622 529 3700 utitur,
554 3645 579 3686 e.
604 3645 633 3706 g.
657 3645 687 3707 p.
712 3623 776 3685 336
800 3620 844 3684 B:
869 3621 956 3704 δόξα,
973 3620 1044 3702 ἥπερ
1060 3622 1097 3687 όιν
1110 3672 1117 3687 .
1132 3672 1139 3686 .
1154 3672 1183 3687 ..

181 3744 263 3821 νιαοόι
290 3745 395 3824 οιόοοιν,
426 3743 463 3812 ὥς
493 3740 560 3813 ἔπος
587 3743 694 3823 εἰπεῖν,
722 3740 873 3822 όνόρόνιοις
891 3739 1026 3806 οόιιέοιοοε
1052 3741 1185 3826 (όνὲζωοε

181 3885 235 3926 seu
257 3859 409 3943 όνόζησεΡ)
432 3858 580 3937 γενομένη.
604 3884 635 3945 p.
660 3862 723 3923 339
746 3857 786 3922 O:
808 3859 884 3924 οὐδέν
903 3884 944 3925 οοι
964 3865 1019 3924 τῶν
1035 3860 1097 3939 περὶ
1115 3862 1186 3925 Δι’ω·

181 4005 217 4045 να
240 3977 295 4056 ’ἕξει
326 3976 512 4061 πραγμοότονν
525 4028 532 4043 .
547 4028 577 4043 ..
601 3978 683 4045 κατόν
705 3983 766 4044 νοῦν
787 3977 968 4057 γιγνόμενον.
992 4002 1022 4064 p.
1048 3982 1110 4045 347
1136 3980 1183 4044 E:

181 4100 270 4180 μυχοὶ
293 4099 330 4173 aa
348 4097 455 4163 τούτων
477 4097 573 4179 ταότη
595 4122 643 4175 μοι
660 4096 870 4175 βεβοηθημένον
884 4098 1012 4175 ἕνέγονει
1023 4098 1185 4181 Φιλοσοφία
