2746 4950
653 344 714 406 237

179 553 309 631 invidia,
335 551 496 635 quainter
519 573 550 614 se
574 549 810 627 obtrectassent,
836 548 919 634 apud
942 548 1134 613 Athenaeum
1158 556 1187 611 et

180 672 256 735 alios
271 671 400 755 legimus
417 668 499 753 (Vid.
516 668 632 746 Lucae,
650 667 749 732 Lectt.
767 669 832 732 Att.
852 670 998 745 til-653
1018 667 1185 731 Hermann.

179 790 259 853 Plat.
283 789 364 853 Phil.
388 812 419 873 p.
446 791 506 852 102
531 798 595 852 not.
619 812 649 874 p.
669 791 758 873 104),
783 787 918 852 dubitari
940 795 1043 852 tamen
1062 787 1186 871 nequit,

180 910 261 973 inter
289 907 450 992 plerosque
480 930 543 971 nou
572 907 666 970 fuisse
695 928 836 991 maguam
871 906 1043 970 animorum
1065 927 1188 970 consen·

180 1029 312 1104 sionem,
337 1027 502 1090 nonnullos
526 1028 617 1090 etiam
641 1027 702 1090 aeri
725 1027 795 1089 odio
818 1026 1001 1090 seinvicem
1024 1027 1188 1090 insectatus

181 1170 255 1211 esse.
301 1144 368 1209 Nec
390 1147 510 1210 mirum.
558 1144 720 1225 Quomodo
747 1145 828 1209 enim
850 1145 930 1209 inter
960 1145 1098 1209 homines
1126 1168 1188 1209 non

181 1273 304 1330 tantum
320 1287 429 1349 genere
452 1273 481 1328 et
498 1265 601 1346 cultu,
627 1263 679 1327 sed
703 1263 842 1348 ingenio,
866 1263 1016 1341 moribus,
1040 1265 1187 1328 vitatam

182 1385 344 1449 dissimiles
381 1391 500 1470 poterat
533 1407 597 1448 esse
639 1383 811 1448 animorum
851 1383 1049 1469 conjunctio?
1101 1383 1189 1447 Plato

183 1512 286 1568 autem
309 1512 345 1567 ut
368 1526 476 1587 genere
500 1509 531 1567 et
560 1503 640 1567 vitae
670 1502 836 1587 dignitate,
869 1503 912 1566 sic
942 1503 1058 1586 ingenii
1088 1503 1189 1566 altitu-

183 1623 255 1687 dine
289 1630 319 1686 et
350 1622 524 1706 eloquentia
554 1629 673 1685 tantum
704 1644 807 1685 omnes
840 1620 1055 1699 antecellebat,
1091 1621 1190 1684 utin

184 1742 267 1805 hunc
302 1764 398 1805 unum
432 1741 562 1804 maxime
596 1740 727 1805 invidiae
755 1740 817 1804 tela
840 1740 1034 1825 conjicerent.
1080 1739 1118 1802 In
1142 1739 1189 1803 his

184 1869 287 1924 autem
306 1859 443 1923 Platonis
463 1859 716 1923 obtrectatoribus
739 1860 900 1945 praecipue
923 1859 1101 1922 nominandi
1117 1853 1190 1922 sunt

185 1978 360 2063 Aristippus
407 1986 437 2041 et
478 1979 695 2054 Antisthenes,
732 2000 862 2061 quorum
904 1977 981 2041 alter
1021 1978 1191 2063 voluptaria

184 2097 302 2174 indole,
333 2096 409 2160 alter
431 2096 548 2181 abjecto
571 2105 602 2161 et
624 2096 734 2160 humili
757 2089 885 2181 ingenio
903 2104 1024 2160 tantum
1048 2119 1066 2160 a
1088 2096 1190 2162 Plato-

186 2217 233 2279 nis
267 2217 473 2298 καλοκαγαθίᾳ
506 2215 655 2298 distabat,
686 2222 722 2279 ut
744 2216 830 2279 nulla
852 2216 939 2280 facile
962 2215 1042 2279 inter
1065 2237 1115 2279 eos
1139 2237 1191 2300 po·

186 2336 282 2399 tuerit
312 2357 376 2398 esse
406 2336 574 2399 consensio.
598 2420 600 2424 .
621 2334 798 2420 Aristippus
832 2335 924 2399 simul
958 2357 1029 2399 cum
1062 2334 1192 2398 Platone

186 2453 375 2539 Syracusana
404 2453 436 2517 in
467 2453 538 2517 aula
567 2460 703 2517 versatus
734 2461 796 2531 est,
821 2460 852 2517 et
874 2453 964 2539 plura
986 2460 1193 2517 memorantur

188 2572 314 2635 dicteria
337 2570 433 2648 unde,
458 2592 535 2654 quae
557 2569 650 2635 fuerit
673 2592 779 2661 eorum
801 2593 873 2655 erga
895 2594 927 2635 se
942 2572 1072 2634 invicem
1086 2571 1192 2635 volun·

187 2697 251 2768 tas,
276 2696 409 2774 apparet.
426 2690 451 2773 2)
481 2688 542 2753 Hic
564 2710 645 2752 unus
658 2688 752 2752 fuisse
767 2687 888 2752 videtur
900 2711 936 2752 ex
948 2710 1052 2754 eorum
1066 2711 1192 2754 numero

189 2809 243 2893 qui
277 2808 407 2872 Dionem
445 2815 476 2872 et
520 2807 680 2873 Platonem
713 2815 842 2893 tyranno
878 2816 1035 2893 suspectos
1068 2808 1194 2873 reddere

189 2928 289 2992 conati
313 2935 385 2992 sunt
400 2927 438 2992 ob
454 2926 640 3006 libertatem,
661 2949 722 3011 qua
738 2927 878 3011 Dionysii
894 2926 1052 3012 superbiae
1068 2927 1193 2992 obsiste·

189 3055 258 3136 rent
288 3054 318 3110 et
346 3055 504 3132 corruptas
536 3047 623 3110 aulae
654 3068 752 3111 mores
783 3046 942 3111 emendare
973 3055 1003 3110 et
1033 3047 1195 3112 aluxuria

191 3166 229 3230 ad
248 3165 455 3250 frugalitatem
469 3189 608 3231 revocare
624 3174 815 3233 conarentur.
841 3167 1029 3231 Memoratur
1043 3167 1119 3232 liber
1131 3169 1195 3231 eius

193 3285 253 3365 rapi
275 3288 409 3358 naturaie
426 3286 592 3369 (Πλάτωνος
602 3285 627 3370 P)
639 3293 750 3368 τρυφῆς
759 3286 814 3363 ,in
826 3308 886 3370 quo
898 3285 1022 3350 Platoni
1036 3286 1195 3351 libidinem

227 3488 251 3550 1)
269 3487 380 3536 Ceterum
398 3487 427 3536 de
443 3487 551 3538 Platonis
567 3487 700 3547 amoribus,
718 3488 747 3536 de
764 3488 814 3537 eius
826 3487 881 3552 gula
899 3488 1030 3552 ceterisque
1046 3487 1112 3537 vitiis
1129 3489 1196 3552 plura

192 3583 330 3632 fabulantur
347 3583 466 3648 Diogenes
483 3583 605 3643 Latrtias,
622 3583 675 3642 III,
691 3587 702 3645 ς
720 3583 751 3632 29
768 3599 819 3649 sqq.
836 3587 860 3632 et
877 3584 1014 3632 Athenaeus
1034 3583 1075 3633 lib.
1092 3583 1154 3643 VII,
1173 3601 1196 3650 p.

193 3679 240 3732 276
258 3684 283 3727 at
300 3678 376 3737 XIII,
392 3695 417 3743 p.
430 3679 477 3728 582
491 3679 517 3729 C.
534 3706 568 3718 -
585 3679 664 3729 Etiam
682 3680 852 3730 Dicaearchum
871 3680 965 3730 Platoni
982 3679 1122 3730 libidinosos
1134 3697 1198 3730 amo·

193 3792 230 3825 res
247 3775 413 3840 exprobrasse,
430 3775 498 3824 testis
516 3780 551 3824 est
568 3775 668 3835 Cicero,
686 3776 781 3826 Tuscal.
798 3776 846 3835 IV,
865 3792 885 3825 c.
904 3776 944 3825 34.

227 3872 252 3932 2)
271 3871 339 3935 Diog.
362 3871 442 3921 Latrt.
466 3871 504 3930 II,
522 3874 533 3934 ς
549 3871 595 3931 61,
614 3871 660 3931 78,
679 3872 723 3930 al,
743 3872 787 3930 823
804 3872 856 3931 ΙΙΙ,
873 3875 884 3934 5
901 3871 941 3920 86.
973 3871 1039 3921 Plut.
1057 3871 1105 3920 Vit.
1125 3867 1198 3920 Dion.

193 3984 213 4015 c.
232 3967 277 4026 19,
302 3966 438 4031 Aristippus
455 3983 469 4015 a
486 3967 586 4018 Platona
604 3968 743 4034 reprehendi
760 3968 854 4018 videtur
870 3968 895 4018 in
914 3968 1040 4020 Phaedone
1057 3971 1092 4032 (p.
1111 3968 1141 4016 59
1161 3967 1199 4028 Ο.)

193 4063 257 4128 quod
274 4062 365 4112 Socrati
383 4062 494 4113 morienti
511 4079 560 4112 non
577 4063 692 4122 adiuerit3
711 4079 758 4127 qao
776 4067 866 4128 spectat
884 4063 992 4113 Laertius
1008 4064 1070 4123 Il,§
1090 4063 1135 4113 65:
1148 4067 1197 4113 1κά-

195 4181 254 4210 κισεν
271 4162 337 4210 αὐτὸν
354 4162 400 4221 (τὸν
416 4157 570 4230 Ἀρίστιππον)
588 4164 625 4212 aad
642 4162 736 4211 Μάτων
753 4165 774 4210 ἐν
790 4173 823 4228 τῷ
840 4165 893 4229 περὶ
911 4168 990 4226 ψυχῆς.
