2746 4950
651 336 712 398 174

179 541 217 606 da
239 540 334 626 Legg.
352 520 426 619 ΙΪΠ,
449 562 479 625 p.
504 543 569 604 694
592 562 637 624 sq.
665 542 729 605 698
745 543 782 605 a
814 540 882 606 Eris
905 543 1047 607 Armenii
1068 544 1174 608 mentio

179 660 214 723 fit
228 658 267 723 de
282 657 356 743 Rep.
380 657 426 736 X,
449 680 480 742 p.
505 659 569 721 614
591 656 628 722 B.
659 657 706 721 De
721 644 879 743 Aegyptiis
894 665 998 722 autem
1015 681 1177 745 eorumque

179 777 341 862 disciplina
370 783 402 840 et
429 776 579 840 institutis
608 775 697 861 plura
726 776 869 862 leguntur
895 783 962 841 tum
985 779 1021 842 in
1042 778 1177 844 Phaedro

181 896 266 960 etin
289 918 378 981 opere
401 894 438 958 de
461 893 596 980 Legibus
606 896 629 980 ¹)
652 901 719 958 tum
742 895 901 980 praecipue
918 895 952 959 in
967 895 1108 961 Timaeo.
1130 897 1180 962 Be

179 1014 238 1078 fert
259 1014 304 1078 ibi
326 1034 493 1085 sermonem
512 1011 675 1078 sacerdotis
688 1013 848 1098 Aegyptii,
861 1035 952 1097 qoem
963 1014 1017 1078 hic
1028 1014 1105 1080 olim
1116 1037 1179 1080 cum

179 1131 290 1196 Solone
312 1131 484 1210 habuisset,
504 1153 565 1216 quo
582 1130 708 1196 docetur
722 1139 852 1196 veterem
863 1133 1081 1216 cognationem
1093 1135 1179 1199 fuisse

177 1251 257 1316 inter
286 1251 455 1336 Aegyptios
486 1258 516 1315 et
546 1251 748 1315 Athenienses
770 1259 862 1335 atque
884 1253 984 1337 prisca
1007 1254 1179 1318 Atticorum

177 1371 337 1449 instituta,
375 1371 523 1455 imprimis
554 1370 696 1434 ordinum
726 1370 921 1449 divisionem,
953 1371 1062 1436 eadem
1094 1373 1181 1437 fiune

179 1511 257 1573 quae
278 1490 312 1553 in
326 1489 465 1574 Aegypto
476 1496 544 1552 tum
559 1488 660 1552 adhuc
672 1502 877 1553 remanerent:
891 1489 980 1553 cuius
992 1491 1039 1555 rei
1050 1492 1181 1555 testimo

177 1608 230 1671 nia
258 1607 344 1670 affert
373 1615 475 1671 vetera
495 1613 703 1671 momumento
725 1613 756 1670 et
778 1606 871 1671 libros
894 1629 996 1671 sacros
1021 1610 1181 1696 Aegyptio

177 1748 256 1789 rum.
294 1724 453 1804 TimaeuS,
477 1749 507 1810 p.
532 1729 573 1790 23
597 1726 640 1790 El:
664 1735 715 1801 τῆς
735 1726 861 1790 δ’ἒνίαδί
879 1727 1099 1805 διακοσμήσεως
1116 1731 1179 1809 παρ’

178 1847 246 1922 ἡμῖν
275 1845 304 1909 ε’ν
332 1852 391 1916 τοῖς
423 1845 504 1924 ἱεροῖς
530 1845 703 1923 ρροίωιοασιν
725 1832 948 1925 ὀκτακισχιλίων
967 1847 1045 1912 ’ἐτῶν
1068 1848 1181 1927 οίριίμὸι

179 1964 360 2045 γέγραπται.
392 1961 438 2026 Cf.
467 1961 596 2041 Critias,
617 1986 647 2048 p.
675 1965 736 2026 119
759 1963 795 2027 Ε.
818 1961 902 2027 Num
918 1964 1099 2029 mirandum
1116 1965 1182 2030 inde

178 2081 319 2145 effectum
334 2103 407 2158 esse,
424 2103 500 2164 quae
516 2081 603 2144 Plato
616 2081 769 2145 hominem
782 2082 968 2166 Aegyptium
980 2074 1056 2147 facit
1064 2106 1183 2147 narran-

177 2210 256 2279 tem,
277 2223 312 2264 ea
331 2201 431 2284 ipsum
455 2201 485 2263 in
503 2202 642 2285 Aegypto
667 2200 838 2284 accepisse?
861 2199 946 2281 Quid
958 2202 1044 2284 quod
1061 2203 1184 2266 fuerunt

178 2318 231 2401 qui
254 2318 389 2382 dicerent
411 2317 571 2381 Platonem
594 2319 742 2402 perfectae
763 2341 835 2381 suae
851 2318 982 2381 civitatis
998 2318 1133 2403 effigiem
1148 2317 1182 2382 ab

177 2436 336 2521 Aegyptiis
367 2436 498 2500 duxisse.
545 2435 741 2500 Memorabile
774 2435 830 2500 hac
860 2435 897 2500 de
918 2458 951 2499 re
979 2443 1027 2499 est
1050 2437 1184 2500 testimo·

177 2556 265 2619 nium
299 2553 472 2633 Crantoris,
505 2555 558 2639 qui
589 2555 649 2617 fuit
678 2553 858 2618 Xenocratis
885 2553 1024 2633 auditor,
1050 2555 1183 2639 aequalis

177 2673 358 2760 Speusippi,
382 2681 535 2737 servatum
557 2696 575 2736 a
597 2674 704 2738 Proclo
735 2673 773 2737 ad
801 2672 959 2738 Timacum
981 2696 1012 2759 p.
1035 2677 1099 2754 24,
1125 2696 1183 2757 quo

177 2793 244 2856 loco
260 2792 298 2856 de
312 2791 414 2855 insula
429 2792 586 2856 Atlantide
602 2815 699 2856 sermo
716 2800 770 2856 est.
803 2791 904 2856 Verba
920 2793 985 2856 eius
1000 2791 1079 2856 haec
1094 2799 1183 2858 sunt:

177 2911 235 2976 Τὸν
269 2911 331 2991 περὶ
360 2916 415 2976 τῶν
437 2911 631 2976 Ἀτλαντίνων
653 2910 815 2988 ξύμπαντα
844 2917 942 2976 τοῦτον
963 2910 1053 2986 λίνον
1083 2913 1109 2976 οἱ
1132 2911 1183 2988 μὲν

178 3029 302 3108 ἱστορίαν
324 3030 412 3108 ψιλὴν
434 3024 507 3093 εἶναί
528 3034 636 3109 Φασιν,
661 3027 752 3109 ιῖίσπερ
775 3029 788 3092 ὁ
812 3034 918 3108 πρῶτος
942 3027 1182 3104 Πλιίτωνοςιὲξν·

179 3148 271 3223 toric
293 3146 445 3227 Κροίντωρ·
469 3143 498 3218 ὃς
521 3146 553 3221 aa
573 3146 621 3210 καί
642 3147 823 3212 σκώπτεσθαι
841 3146 1095 3229 αίνφνσιναύτὸν
1107 3145 1183 3229 (scil.

178 3264 226 3330 τὸν
250 3263 407 3348 Πλοίτωνα)
431 3264 485 3327 ὑπὸ
507 3269 562 3328 τῶν
583 3263 667 3342 τότε,
691 3266 728 3336 ὥς
750 3267 800 3329 οὐκ
822 3267 908 3329 αὑτὸν
930 3262 1001 3328 ὄντα
1011 3271 1066 3338 τῆς
1082 3283 1184 3330 πολι-

179 3382 285 3456 τείας
307 3383 439 3464 εὑρέτην,
464 3383 548 3447 atala
574 3381 819 3464 μεταρροίψαντα
842 3383 883 3446 τοὶ
894 3381 1185 3459 Αίγνπτίων,τὸνδέ

178 3506 310 3565 τοσοῦτον
332 3501 501 3575 ποιιίσασίαι
524 3504 578 3564 τῶν
597 3500 785 3565 σκωπτόντων
804 3498 903 3579 λόγον,
918 3497 992 3563 ὥστε
1003 3500 1053 3563 ἐπ’
1066 3502 1185 3578 Atyan-

179 3619 254 3691 τίονς
277 3617 455 3699 οίναπέμψαι
478 3619 530 3693 τὴν
552 3619 614 3700 περί
638 3619 831 3685 Ἀτλαντίνων
854 3619 964 3692 ταύτην
986 3618 1127 3699 ἱστορίαν,
1149 3622 1185 3693 ὡς

179 3743 233 3803 τῶν
267 3736 420 3812 Ἀθηναίων
449 3736 529 3801 κατα
558 3737 667 3814 ταύτην
689 3736 833 3819 ζνσιίντων
856 3739 926 3802 ποτὲ
948 3739 999 3812 τὴν
1022 3740 1184 3806 πολιτείαν.

179 3860 350 3935 μαρτυροῦσι
380 3854 409 3918 δὲ
438 3855 487 3918 καὶ
518 3856 542 3920 οἱ
566 3863 731 3937 προφῆται,
754 3854 844 3938 φησί,
868 3861 923 3919 τῶν
946 3856 1134 3940 Αίνοπτίων,
1158 3860 1186 3922 ἒν

212 4128 234 4187 l)
251 4128 308 4177 Loci
325 4128 462 4178 indicantur
477 4128 507 4176 ab
523 4128 660 4176 Hermanno
679 4144 701 4192 p.
720 4127 775 4176 118.
