2746 4950
620 467 623 471 Ι
656 383 717 441 rac

185 615 202 655 a
233 590 347 654 verbis:
383 589 415 654 τὸ
445 588 474 652 δὲ
500 587 638 666 μέγιστον
661 583 728 666 ὅπερ
751 584 869 662 εἴπομεν
891 588 988 663 ὀλίγον
1019 590 1197 671 ἔμπροσθεν,

183 709 225 775 ὅτι
256 711 328 774 δυοῖν
357 708 442 772 ὄντοιν
472 727 569 789 usque
600 704 638 768 ad
666 705 741 769 haec
771 704 878 769 verba:
906 706 1006 782 αλλ’νῐ
1029 712 1124 790 ψυχὴ
1147 717 1196 776 τοῦ

183 831 354 910 γράψαντος
377 828 393 903 ἦ
413 813 550 900 λέξαντος
570 826 733 904 ἐλέγχεται
757 830 907 904 redonata
930 831 1062 900 Φανλῶς.
1091 827 1193 893 Etiam

183 948 232 1010 hic
256 947 339 1010 locus
363 944 462 1008 verbis
486 951 516 1007 et
535 945 681 1028 junctura
702 943 746 1005 ita
768 942 933 1027 impeditus
957 939 1020 1022 est,
1046 953 1085 1009 ut
1106 969 1196 1031 aegre

183 1087 304 1130 sensum
321 1063 466 1148 expiscari
482 1063 599 1147 possis:
624 1062 724 1126 ubivis
748 1062 878 1124 incurris
901 1062 933 1125 in
948 1061 1091 1127 Platonis
1109 1066 1198 1128 vesti-

182 1185 248 1269 gia,
271 1182 323 1246 sed
341 1182 426 1276 filum
442 1189 472 1245 et
489 1180 625 1244 ordinem
642 1180 723 1243 haud
739 1179 826 1244 facile
843 1202 956 1244 cernas.
980 1179 1109 1245 Summa
1132 1205 1198 1246 seu·

181 1303 294 1367 tentiae
317 1301 459 1364 inanibus
482 1299 598 1363 nudata
621 1299 719 1363 verbis
740 1308 771 1362 et
790 1299 891 1382 aptius
911 1299 1014 1362 vincta
1034 1299 1113 1364 haec
1135 1312 1195 1365 est:

182 1421 479 1518 ξ,1)11661111616111111
496 1440 615 1502 genera,
631 1418 664 1482 τὸ
676 1416 704 1480 ὃν
720 1426 751 1480 et
765 1417 798 1480 τὸ
813 1418 890 1481 ποῖόν
902 1442 942 1482 τι.
965 1417 1100 1482 Animam
1117 1420 1153 1484 τὸ
1169 1419 1197 1483 ὃν

183 1539 360 1623 anquirens‚
374 1538 433 1601 nisi
444 1544 498 1602 τῶν
514 1537 658 1615 τεττάρων
670 1534 790 1600 ἕκαστον
806 1536 836 1619 (i.
851 1559 876 1600 6.
888 1541 943 1599 τῶν
956 1536 1038 1616 τρίων
1050 1535 1194 1613 ἕκαστον,

182 1682 233 1743 np.
253 1657 354 1736 ὄνομα,
375 1657 479 1733 λόγον,
503 1656 629 1738 εἴδωλον)
654 1655 842 1738 exploratum
869 1654 977 1718 habeat
992 1664 1056 1718 tam
1072 1658 1196 1720 ratione

182 1800 272 1861 quam
293 1775 477 1860 experientia
493 1782 523 1836 et
539 1773 694 1855 sensibus,
711 1773 744 1835 in
760 1773 891 1836 maxima
907 1773 1111 1856 ambiguitate
1134 1799 1198 1838 ver·

182 1906 266 1959 satur
289 1903 319 1958 et
342 1894 479 1978 caligine.
504 1891 568 1971 Qui
591 1891 656 1954 sola
671 1914 771 1955 rerum
787 1891 893 1956 εἴδωλα
909 1899 1067 1956 sectantur
1091 1917 1197 1978 neque

181 2016 293 2078 assueti
317 2020 388 2076 sunt
409 2018 542 2096 quatuor
557 2011 638 2094 (tria)
660 2010 714 2073 illa
736 2018 893 2088 excutere,
909 2011 942 2074 in
963 2010 1158 2095 disputando
1179 2037 1197 2076 a

181 2134 284 2218 peritis
299 2131 468 2208 luduntur;
486 2129 540 2194 ubi
556 2129 593 2192 de
610 2130 717 2212 quinto
734 2129 782 2212 (de
799 2132 878 2213 ente)
896 2130 1064 2212 quaeritur,
1082 2130 1114 2193 in
1134 2131 1196 2194 dis·

179 2251 304 2316 serendo
335 2273 352 2312 a
382 2249 472 2312 docto
496 2247 635 2332 quolibet
656 2246 891 2331 redarguuntur.
936 2247 1058 2310 Inducti
1084 2256 1194 2312 autem

179 2371 252 2434 haec
276 2368 433 2433 audientes
464 2366 587 2452 culpam
610 2367 750 2430 tribuunt
772 2389 835 2429 non
858 2388 960 2430 rerum
983 2365 1191 2446 obscuritati,

178 2489 231 2553 sed
258 2488 432 2552 disserentis
459 2485 627 2550 inscitiae.''
672 2484 720 2549 En
745 2485 845 2548 denuo
876 2484 1070 2564 τὰτέτταρα
1099 2492 1131 2548 et
1157 2487 1192 2550 τὸ

178 2609 328 2685 cicaro:
352 2606 431 2668 idem
451 2605 537 2668 lusus
557 2606 589 2669 in
607 2604 792 2690 usurpandis
808 2605 960 2680 numeris,
980 2604 1070 2668 cuius
1092 2628 1191 2690 supra

174 2728 236 2811 jam
267 2726 355 2809 plura
384 2747 421 2788 ex
451 2724 507 2788 hac
536 2723 663 2808 epistola
686 2723 824 2808 exempla
847 2722 938 2787 attuli
962 2722 1034 2805 (vid.
1060 2746 1091 2807 p.
1117 2726 1188 2809 35).

176 2845 277 2908 Etiam
300 2844 388 2907 Plato
408 2844 499 2908 habet
514 2843 687 2907 istiusmodi
704 2843 881 2927 partitiones
894 2843 1026 2906 numeris
1042 2852 1189 2924 notataS,

176 2970 212 3027 ut
234 2964 266 3025 in
288 2962 407 3026 Phileb.
431 2986 460 3047 p.
487 2964 538 3025 66.
571 2962 608 3025 de
631 2961 725 3046 Legg.
750 2959 800 3037 ΙΙ,
833 2984 861 3045 p.
888 2962 949 3023 690
976 2961 1020 3037 Α,
1046 2963 1112 3022 696
1137 2961 1168 3024 E
1178 2990 1187 3040 3

176 3080 222 3158 V,
247 3106 276 3167 p.
302 3083 364 3146 728
389 3080 435 3157 D,
462 3082 524 3145 733
548 3078 590 3157 G,
617 3081 679 3143 741
704 3079 750 3154 D;
774 3101 879 3142 verum
903 3086 1003 3141 noster
1025 3078 1069 3140 ita
1094 3102 1189 3164 argu-

175 3208 259 3264 tatur
296 3208 332 3263 ut
370 3222 424 3285 pro
458 3200 531 3285 ipsis
563 3221 664 3263 rerum
694 3198 849 3264 vocabulis
888 3219 1030 3262 numeros
1066 3207 1188 3282 ponat,

175 3319 263 3402 quasi
293 3319 325 3382 in
358 3319 403 3382 his
428 3318 531 3382 abdita
554 3317 701 3401 quaedam
726 3316 905 3401 significatio
929 3317 1010 3380 insit.

220 3437 361 3501 Ceterum
384 3436 458 3501 haec
486 3445 516 3501 et
539 3459 616 3520 quae
640 3436 781 3520 deinceps
808 3435 1005 3520 disputantur
1027 3438 1186 3518 usquead

174 3555 265 3619 verba
287 3579 316 3640 p.
342 3558 406 3619 344
430 3555 474 3633 Β,
498 3554 651 3635 ἐξέλαμψε
671 3555 804 3636 Φρόννσος
820 3554 881 3632 περὶ
898 3551 1082 3618 ἕκαστονκαὶ
1100 3561 1185 3630 νοῦς,

174 3671 321 3748 tonstrua
349 3672 390 3738 ὅτι
414 3673 537 3751 μάλιστ’
556 3675 595 3744 εἷς
616 3671 735 3747 δύναμιν
761 3673 948 3752 ἀνθρωπίνην,
980 3678 1121 3756 spectant
1144 3675 1186 3736 ad

175 3791 379 3867 dialecticam3
411 3771 522 3876 quibus
552 3791 739 3868 ostenditur,
765 3813 815 3854 eos
839 3791 892 3874 qui
915 3789 1006 3854 rudes
1030 3791 1092 3853 sint
1116 3793 1185 3856 eius

175 3912 352 3996 discipliuae
375 3935 393 3975 a
415 3912 520 3996 peritis
542 3911 630 3975 facile
653 3911 718 3974 falli
734 3917 765 3973 et
780 3910 913 3973 ludibrio
932 3909 1052 3986 haberi,
1074 3920 1184 3974 contra

176 4029 229 4115 qui
256 4031 313 4094 rite
336 4030 392 4094 hac
420 4037 483 4094 arte
506 4030 648 4094 instructi
671 4039 700 4093 et
723 4029 878 4092 exercitati
902 4029 1057 4098 veritatem
1073 4031 1184 4113 anqui-

174 4149 261 4226 rant',
293 4149 339 4213 his
370 4157 521 4234 postremo
552 4149 694 4213 scientiae
725 4147 826 4212 lumen
850 4146 1001 4232 affulgere.
1047 4145 1117 4210 Jam
1143 4147 1181 4210 de
