2746 4950
662 311 721 370 120

178 522 310 585 ciendos,
328 521 369 584 Hi
382 520 494 584 Critiae
503 521 592 604 jussu
605 517 823 580 Theramenem
836 516 873 578 ad
887 516 1076 600 supplicium
1087 539 1197 601 rapue-

178 648 251 703 runt
267 638 419 723 (Xenoph.
438 638 480 701 II.
498 640 534 714 3,
550 638 602 721 54)
611 634 733 713 ;,iidem
745 641 834 697 antea
853 633 945 697 duces
966 634 1003 697 ad
1018 634 1195 720 hrginusas

179 765 276 821 morte
292 757 462 820 multarunt
478 755 604 840 (τούτους
624 754 676 830 μὲν
692 726 736 817 οὖν
753 754 776 817 οἱ
789 751 949 832 ταχθέντες
962 754 1017 818 ὑπὸ
1028 759 1089 818 τῶν
1103 753 1195 832 νόμων

178 874 278 939 ἕνδεκα
308 875 498 939 ἀπέκτειναν.
531 872 622 936 Diod.
647 871 747 948 XIII,
784 873 876 957 102),
904 871 1057 956 iidemque
1087 880 1196 957 postea

179 994 332 1058 Socratem
363 993 561 1058 occidendum
590 998 744 1055 curarunt.
792 991 935 1054 Attamen
959 998 1034 1054 sunt
1058 992 1116 1075 qui
1141 992 1196 1056 hos

181 1114 403 1178 undecimviros
434 1113 488 1197 qui
511 1111 567 1176 sub
590 1109 683 1173 XXX
706 1109 844 1194 tyrannis
872 1109 972 1187 luere,
1005 1109 1045 1174 ab
1072 1084 1122 1174 iis
1144 1111 1197 1195 qui

181 1234 237 1297 sub
255 1233 396 1318 populari
411 1231 555 1316 imperio,
581 1230 713 1292 diversos
737 1228 841 1296 fuisse,
862 1227 1072 1306 contendunt3
1094 1231 1118 1313 ¹)
1136 1252 1197 1313 quo

179 1352 274 1430 nihil,
298 1360 334 1414 ut
358 1351 482 1435 opinor,
514 1356 615 1434 potest
645 1370 709 1410 esse
739 1346 987 1432 improbabiliuS,
1021 1369 1061 1411 ne
1078 1348 1196 1412 dicam

180 1470 352 1535 absurdior.
377 1469 530 1533 Nimirum
555 1466 752 1531 statuendum
776 1473 871 1545 esset,
896 1472 949 1530 aut
966 1465 1197 1531 undecimviros

180 1588 239 1652 sub
269 1588 361 1651 XXX
392 1587 529 1672 tyrannis
564 1609 634 1650 cum
656 1584 711 1648 illo
734 1584 817 1668 quod
841 1583 973 1647 diximus
998 1583 1099 1648 officio
1126 1607 1196 1650 con-

183 1707 321 1792 junxisse
344 1707 442 1770 officia
463 1704 633 1783 ἀστυνόμων
656 1712 687 1767 et
708 1703 911 1784 ἀγορανόμων,
939 1713 994 1767 aut
1017 1703 1087 1768 duo
1102 1705 1197 1770 simul

186 1826 279 1890 luisse
295 1825 422 1911 collegia
438 1823 729 1901 undecimvirorum,
754 1843 885 1905 quorum
908 1821 996 1885 alteri
1011 1821 1129 1886 delicta
1152 1846 1196 1888 ca-

189 1945 294 2030 pitalia
320 1943 482 2029 punirent,
507 1941 594 2005 alteri
617 1941 657 2006 τά
680 1942 708 2004 ἐν
731 1938 815 2004 ἀστεν
837 1948 988 2004 curarent.
1034 1939 1198 2006 Posterius

184 2084 273 2127 nemo
304 2085 396 2126 sanus
427 2060 563 2147 putabit3
588 2059 674 2144 prius
704 2058 752 2122 vel
782 2058 850 2122 ideo
877 2058 1096 2143 improbabile,
1122 2061 1199 2145 quia

185 2188 291 2246 tantus
323 2180 378 2245 sub
410 2180 501 2244 XXX
532 2179 604 2243 viris
636 2179 695 2242 fuit
726 2179 940 2242 damnatorum
968 2202 1136 2258 nomem,
1162 2188 1198 2246 ut

182 2301 232 2365 vix
263 2300 330 2365 aliis
357 2299 486 2384 negotiis
510 2315 634 2383 possent
656 2320 771 2362 vacare.
818 2296 928 2409 hleque
951 2298 1016 2362 ulla
1038 2306 1086 2362 est
1101 2322 1198 2364 causa

183 2443 237 2484 cur
260 2419 419 2483 dubitetur
441 2418 618 2495 ἀστυνόμνυς
643 2425 673 2480 et
695 2418 913 2497 ἀγορανόμους,
937 2439 1033 2501 aeque
1057 2440 1093 2481 ac
1117 2426 1198 2484 cete·

183 2561 231 2601 ros
259 2537 455 2621 magistratus
483 2536 660 2621 plerosque,
687 2535 777 2599 etiam
802 2535 858 2600 sub
884 2535 976 2599 XXX
1000 2535 1073 2599 viris
1089 2536 1196 2602 fuisse.

182 2656 267 2738 Quid
290 2655 410 2721 multa?
445 2655 642 2720 Manifestum
667 2656 792 2740 opinor,
816 2655 899 2719 hunc
921 2655 1040 2733 locum,
1066 2656 1120 2739 qui
1145 2656 1198 2720 ad·

185 2777 245 2841 huc
268 2799 343 2840 crux
366 2776 426 2840 luit
448 2775 666 2860 interpretum,
696 2775 742 2838 uti
769 2775 868 2839 verbis
892 2775 1039 2839 obscurus
1062 2783 1127 2852 est,
1153 2777 1197 2840 ita

183 2897 274 2960 rebus
305 2918 370 2960 esse
401 2895 579 2971 confusum,
613 2901 703 2978 atque
735 2894 1040 2978 auctoremprodere
1063 2895 1114 2958 cui
1138 2919 1196 2960 nec

184 3037 282 3077 sermo
311 3015 485 3078 Atticorum
516 3035 615 3097 neque
645 3013 789 3076 instituta
819 3013 912 3097 probe
935 3022 1035 3076 essent
1058 3014 1195 3098 cognita.

186 3135 317 3219 Legerat
345 3134 474 3218 scriptor
496 3134 579 3218 pacis
602 3132 681 3196 illud
704 3132 811 3197 foedus
834 3141 904 3218 post
927 3133 1069 3218 expulsos
1094 3143 1198 3219 tyran-

187 3276 242 3317 nos
266 3253 446 3317 interrivos
470 3252 598 3328 initum,
628 3273 690 3336 quo
713 3253 863 3329 ἀμνηστίαν
885 3251 1065 3336 injuriarum
1090 3261 1121 3316 et
1141 3253 1198 3318 im-

188 3372 310 3457 punitas
338 3393 479 3434 concessa
507 3368 648 3433 omnibus
687 3370 763 3444 artha
792 3375 848 3433 τῶν
877 3368 1030 3446 τρνάκνντσν
1060 3372 1111 3434 καὶ
1139 3378 1198 3437 τῶν

187 3489 287 3556 ἕνδεκα
311 3492 358 3555 real
382 3496 437 3555 τῶν
459 3491 487 3554 ἕν
510 3495 638 3566 Heroum?
658 3488 805 3570 ἀρξάντων
828 3489 898 3579 blaa
920 3489 1071 3574 (Xenoph.
1097 3490 1141 3555 II.
1156 3496 1197 3570 4,

189 3613 241 3674 38.
273 3609 390 3673 Andoc.
415 3608 452 3671 de
482 3607 575 3692 Myst.
599 3609 615 3692 d
638 3609 702 3691 40).
749 3607 815 3670 Hos
838 3630 942 3671 omnes
966 3607 1017 3671 ille
1040 3608 1073 3671 in
1097 3632 1198 3674 uuum

189 3727 351 3811 collegium
382 3726 522 3791 confudit
553 3733 584 3789 et
607 3724 736 3790 Athenis
764 3727 930 3811 praefectos
958 3726 1105 3812 imposuit
1132 3728 1196 3808 LI,

195 3913 384 3922 ——-——-

223 4016 246 4077 1)
272 4015 422 4064 Hormunuus
446 4015 471 4063 in
496 4030 595 4063 censura
617 4013 672 4061 libri
690 4013 809 4070 Schcibii‚
837 4012 882 4062 Die
900 4012 1014 4076 oligarch.
1035 4012 1147 4064 Umrralz.
1166 4032 1197 4066 zu

192 4112 284 4170 Athen,
301 4127 360 4179 quae
377 4114 454 4164 exstat
471 4111 496 4160 in
512 4109 594 4160 Jahrb.
613 4111 651 4163 fiir
669 4110 739 4161 Wiss.
756 4109 850 4172 until,
869 4110 941 4160 1842.
959 4110 980 4160 l.
997 4126 1020 4177 p.
1039 4110 1095 4162 146.
