2746 4950
655 373 715 432 139

182 604 251 644 rum
274 581 458 644 Plutarchus
482 602 604 663 quoque
626 579 647 641 l.
671 578 691 641 l.
709 600 778 640 eum
794 575 948 660 Syracusis
961 575 1129 658 profectum
1146 573 1184 636 ad

181 700 303 763 Italiam
327 700 490 784 appulsum
516 721 580 763 esse
606 699 710 781 ibique
737 694 906 761 escendisse
933 701 1071 757 testatur.

225 818 390 902 Postquam
413 819 549 882 Athenas
571 840 706 882 reversus
730 824 789 894 est,
814 815 919 878 eodem
934 813 1016 877 venit
1031 812 1108 889 Dio,
1126 812 1179 894 qui

181 937 224 1000 ibi
244 937 375 1001 multum
399 959 470 1000 cum
489 936 630 1014 Platone,
648 935 817 1020 Speusippo
837 933 964 1016 aliisque
984 930 1121 994 Platonis
1145 931 1186 993 f-

181 1055 351 1118 miliaribus
383 1062 519 1118 versatus
551 1077 614 1118 esse
641 1053 780 1116 traditur.
828 1051 874 1113 De
897 1051 953 1113 hac
976 1048 1084 1112 Dionis
1108 1070 1185 1111 com-

181 1175 352 1237 moratione
386 1173 516 1237 Athenis
549 1174 579 1236 ln
615 1171 742 1256 epistola
773 1170 860 1234 nulla
890 1170 924 1232 fit
951 1168 1079 1245 mentio,
1104 1165 1186 1250 quod

182 1316 255 1356 sane
285 1286 488 1371 mirandum,
506 1300 601 1376 quum
633 1290 806 1377 praesertim
837 1289 965 1374 scriptor
994 1287 1025 1350 id
1057 1285 1186 1349 maxime

182 1412 373 1496 propositum
392 1411 449 1475 sibi
469 1435 533 1474 esse
551 1411 645 1488 dicat,
671 1418 706 1472 ut
721 1408 878 1486 ostendat,
905 1406 1039 1470 Platonis
1063 1427 1187 1469 consue·
1221 1390 1222 1394 Ἰ

182 1530 285 1593 tudini
320 1537 350 1594 et
383 1529 570 1593 institutioni
604 1528 732 1592 Dionem
764 1534 901 1611 acceptas
932 1523 1072 1588 debuisse
1095 1523 1186 1586 virtu·

186 1653 233 1710 tes
256 1647 339 1724 illas,
363 1647 476 1730 quibus
500 1646 677 1710 nobilitatus
701 1651 756 1709 est.
802 1643 948 1727 Properat
971 1664 1040 1706 vero
1059 1641 1187 1724 scriptor

183 1766 222 1829 ad
245 1767 369 1830 tertium
393 1767 450 1830 iter
473 1765 709 1853 Syracusanum,
742 1763 825 1851 quod
855 1762 953 1832 tribus
985 1760 1032 1830 vel
1055 1766 1205 1873 quatuor⁸

183 1887 271 1950 annis
295 1892 364 1972 post
386 1885 475 1951 Plato
500 1884 642 1974 suscepit.

229 2125 315 2190 Sicut
344 2127 424 2189 inter
451 2126 554 2190 ambos
585 2134 782 2205 convenerat,
807 2149 879 2212 pace
902 2126 996 2204 facta,
1020 2124 1186 2210 Dionysius

182 2245 342 2308 Platonem
372 2243 410 2307 ad
440 2267 471 2308 se
495 2253 583 2308 vocat
605 2246 644 2329 (p.
671 2245 785 2316 338,B
810 2248 903 2329 sqq.),
932 2244 1062 2308 Dionem
1086 2253 1185 2306 autem
1235 2271 1238 2287 ι

180 2363 270 2448 jubet
289 2386 403 2427 annum
427 2363 526 2427 adhuc
547 2386 702 2427 remanere
720 2364 752 2426 in
769 2363 905 2427 Graecia.
930 2363 1018 2426 Plato
1042 2363 1172 2426 haesitat
1178 2388 1187 2439 ;

184 2490 250 2546 erat
279 2483 342 2568 jam
376 2504 469 2567 prope
503 2460 752 2568 septuagenarius
787 2490 818 2546 et
847 2483 975 2568 putabat
1005 2481 1187 2565 Dionysium

183 2601 348 2665 ambitione
372 2600 500 2664 ductum
523 2623 554 2665 se
578 2624 733 2666 arcessere.
766 2602 954 2666 Perehantur
978 2601 1058 2665 enim
1070 2600 1187 2664 venisse
1302 2611 1303 2614 ’

183 2720 223 2782 ad
250 2720 430 2805 Dionysium
451 2720 600 2804 Archytas
624 2728 654 2784 et
677 2721 848 2799 Tarentini,
874 2729 908 2784 ut
924 2720 1060 2784 Platonis
1079 2718 1188 2782 doctri-

182 2860 255 2901 nam
277 2861 314 2902 ex
348 2861 382 2902 eo
414 2839 656 2923 sciscitarentu13
691 2839 802 2923 quibus
837 2862 907 2903 cum
935 2839 1105 2902 satisfacere
1137 2837 1188 2901 ille

182 2979 246 3020 non
276 2964 378 3041 posset
400 2957 492 3041 idque
515 2959 719 3037 erubesceret,
751 2958 819 3023 ideo
846 2957 1004 3022 videbatur
1027 2958 1186 3051 Platonem

183 3076 294 3139 iterum
310 3098 446 3155 vocasse,
470 3076 600 3161 cupidus
622 3085 672 3142 τοῦ
688 3079 834 3142 διοικοῦοοιι
851 3077 1048 3155 ἕνοονὲοτεοον
1065 3077 1105 3160 (p.
1123 3077 1187 3139 338

185 3194 235 3277 D).
271 3193 358 3257 Hanc
382 3194 420 3258 ob
444 3217 565 3258 oausam
588 3195 680 3258 semel
695 3195 866 3278 iterumque
882 3201 1006 3258 vocatus
1023 3193 1188 3269 recusavit3

184 3311 275 3375 tertio
295 3302 443 3390 tandem,
477 3311 665 3376 Archedemo
696 3312 832 3376 Platonis
861 3312 1002 3376 familiari
1025 3335 1094 3376 cum
1118 3312 1190 3375 Dio·

184 3430 264 3514 nysii
287 3429 414 3514 epistola
437 3430 740 3495 honorificentissima
765 3432 899 3510 Athenas
915 3432 1023 3507 miss0,
1048 3431 1189 3496 hortante

184 3547 300 3626 Dione,
332 3549 548 3634 instigantibus
583 3557 736 3634 praeterea
769 3572 822 3634 per
855 3549 956 3613 literas
992 3549 1126 3633 Archyta
1160 3558 1191 3614 et

183 3664 373 3744 Tarentinis,
408 3669 459 3742 rba
492 3669 670 3749 φιλοσοφίοιυ
705 3666 913 3749 ἐγκωμιάζουσι
943 3671 994 3744 τὴν
1026 3668 1189 3744 Διονυσίου,

184 3786 275 3848 cessit
305 3794 335 3848 et
364 3785 455 3849 tertio
490 3785 651 3871 Syracusas
680 3787 832 3871 profectus
867 3794 913 3851 est
946 3787 1026 3851 bona
1058 3809 1112 3872 spe
1134 3809 1190 3850 nec

118 3895 123 3901 ’
183 3905 356 3969 mirandum
391 3912 519 3989 putans,
555 3906 612 3971 νέον
645 3905 733 3986 talpa
767 3907 969 3986 νιοοροικουονοο
991 3906 1076 3982 οὶξίιον
1098 3906 1188 3985 λόγου

186 4022 385 4106 προνμοὶνοον,
418 4026 542 4105 εὐμαθῆ,
569 4026 636 4101 πρὸς
660 4025 751 4103 ἔρυντο
775 4026 864 4088 ἐλθεῖν
888 4030 938 4088 τοῦ
961 4025 1100 4100 βελίοτου
1123 4027 1188 4100 βίον

186 4143 228 4228 (p.
253 4145 314 4206 aaa
340 4142 386 4227 n).
