2746 4950
664 353 722 413 197

192 559 248 623 hac
269 558 433 642 'disciplina
457 579 533 639 quae
566 555 838 639 Epistolographus
862 555 936 619 dicit
964 580 1033 620 cum
1060 556 1197 619 Platonis

190 678 329 742 doctrina
352 677 389 741 de
412 675 569 739 dialectica
593 697 811 760 comparemus

235 913 369 997 Scriptor
398 920 501 975 noster
533 911 594 974 duo
626 911 786 994 distinguit
816 933 944 995 genera,
976 917 1009 977 τὸ
1040 911 1086 989 da,
1112 912 1195 995 quod

191 1033 283 1097 etiem
312 1031 345 1096 τὸ
375 1032 406 1095 τί
427 1030 577 1116 appellat,
602 1036 633 1093 et
655 1029 687 1092 τὸ
710 1027 787 1094 πιῖόι
809 1054 852 1112 τι,
879 1052 1007 1114 quorum
1031 1030 1126 1094 altero
1149 1054 1196 1095 res

191 1149 328 1214 sensibus
352 1149 503 1234 subjectas
528 1148 694 1232 significat,
719 1148 815 1212 altero
841 1171 942 1213 rerum
957 1149 1050 1214 ideas
1084 1149 1195 1212 APla·

190 1275 261 1331 tone
292 1273 395 1330 eutem
426 1267 483 1330 hoc
514 1289 604 1331 sensu
635 1267 693 1329 ista
724 1266 871 1330 vocabula
900 1289 962 1330 non
989 1277 1194 1352 usurpantur:

190 1387 352 1470 distinguit
389 1386 441 1449 ille
481 1386 604 1469 quidem
643 1385 807 1469 aliquando
844 1385 913 1451 ιιιιιὲ
952 1383 1033 1451 ἄττα
1070 1394 1099 1450 et
1133 1387 1196 1451 αὕθ’

161 1490 163 1496 ¹
187 1506 303 1571 ἕκαστοι
334 1505 376 1569 sio
407 1513 442 1568 ut
469 1527 557 1586 penus
581 1514 610 1568 et
632 1506 771 1586 speciem:
794 1504 878 1568 velut
899 1504 990 1585 τέχνη
1007 1495 1090 1580 'curt
1115 1528 1195 1570 com-

189 1623 333 1708 plectitur
357 1646 461 1687 omnes
485 1632 580 1700 artes,
604 1623 695 1702 τέχιιι
719 1648 762 1694 τις
783 1624 845 1685 sive
869 1622 937 1687 ιιιιιὶ
960 1647 1003 1694 τις
1028 1632 1073 1687 est
1096 1646 1194 1688 unae

189 1742 312 1819 multis,
336 1741 421 1804 velut
443 1741 598 1816 οἰκοδομική
623 1739 671 1824 (de
694 1739 769 1825 Rep.
790 1739 854 1818 IV,
880 1765 911 1826 p.
936 1743 1028 1825 438);
1046 1764 1108 1805 non
1124 1763 1194 1804 vero

185 1849 353 1947 'generatim
383 1859 430 1923 his
458 1858 556 1922 verbis
582 1860 680 1923 utitur
702 1866 848 1942 tanquam
870 1860 1009 1925 formulis
1033 1861 1094 1924 sive
1118 1868 1195 1924 cate·

187 1978 280 2062 goriis
313 1977 423 2062 quibus
454 1977 495 2040 ccl
525 1979 611 2049 νοητά
640 1985 670 2040 et
693 1977 733 2040 τιὶ
756 1977 878 2052 alodarii
902 1978 1109 2062 designentur.
1156 1977 1194 2041 Id

187 2097 303 2182 primus
327 2096 399 2160 fecit
421 2094 619 2172 Aristoteles,
643 2095 780 2180 Metaph.
805 2095 869 2174 IV,
895 2099 953 2160 28:
977 2097 1016 2162 τὸ
1039 2093 1129 2168 εἶδος
1144 2095 1192 2160 cal

187 2219 204 2290 ἡ
236 2213 298 2290 ὕλη
326 2214 416 2295 ἕτερον
438 2217 478 2295 τῷ
501 2215 592 2292 γένει,
618 2214 666 2278 xci
690 2212 745 2279 doc
767 2214 830 2279 aad
854 2214 944 2294 ἕτερον
966 2225 1076 2297 σχῆμα
1105 2239 1193 2290 aurn-

186 2334 285 2414 γορίαις
312 2339 362 2397 τοῦ
393 2333 468 2404 ὄντος
498 2333 634 2414 λέγεται,
660 2334 700 2397 ccl
722 2334 774 2407 μὲν
798 2334 856 2415 γὰρ
885 2335 921 2399 τί
950 2337 965 2399 ε’
973 2360 1029 2399 στι
1061 2335 1193 2412 σημαίνει

185 2458 239 2516 τῶν
262 2451 363 2525 ὄντων,
388 2451 428 2514 τὰ
452 2451 480 2514 δὲ
503 2452 603 2515 ποῖόν
625 2476 656 2515 τι
715 2450 857 2516 Ceterum
882 2452 1061 2516 Aristoteles
1077 2475 1194 2537 semper

184 2569 259 2633 dicit
282 2571 314 2633 τὸ
339 2570 369 2632 τί
391 2569 471 2647 ἔστι,
496 2569 543 2632 vel
565 2569 598 2632 τὸ
620 2570 647 2633 τὶ
673 2565 704 2643 ἦν
726 2567 816 2653 εἶιιιι,
834 2594 1000 2655 numquam
1017 2572 1193 2656 simpliciter
1268 2597 1270 2604 ’

184 2697 219 2752 ut
241 2696 344 2751 noste1¹
367 2689 399 2750 τὸ
422 2687 460 2751 τί.
475 2687 500 2771 1)
529 2687 637 2764 Plato,
662 2696 698 2751 ut
721 2695 790 2752 ante
813 2689 961 2767 vidimus,
987 2691 1048 2754 duo
1072 2690 1126 2754 illa
1143 2714 1206 2775 ge·-

184 2830 255 2871 nora
278 2805 409 2891 appellat
428 2810 468 2869 τόι
494 2806 562 2870 dccc
587 2816 617 2870 et
640 2809 680 2870 τὰ
703 2806 845 2884 pecinaci,
867 2810 900 2873 τὸ
923 2807 952 2872 ἕν
976 2818 1006 2872 et
1028 2809 1068 2873 acl
1092 2810 1191 2874 πολλοὶ

183 2925 310 3010 aliisque
336 2925 523 2989 nominibus.

227 3044 319 3107 Porro
343 3042 537 3126 philosophia
560 3051 698 3107 versatur
722 3044 754 3107 in
778 3044 953 3129 cognitione
973 3044 1139 3123 τῶνόντων,
1152 3046 1190 3110 ed

181 3185 271 3246 quam
305 3161 508 3246 cognitionem
540 3162 602 3226 dux
632 3172 677 3226 est
701 3162 868 3227 dialectice.
896 3163 994 3244 Quale
1018 3174 1120 3229 autem
1141 3175 1190 3247 ‘est

181 3280 350 3344 secundum
379 3279 551 3355 Platonem
570 3280 741 3345 dialectices
773 3281 910 3346 munus?
956 3282 1023 3347 Hoc
1055 3274 1188 3370 positum

181 3408 226 3463 est
262 3399 392 3463 maxime
423 3399 455 3462 in
487 3399 617 3479 διαιρέσει
649 3409 678 3463 et
709 3399 884 3484 ξυναγωγῇ,
918 3410 955 3467 ut
983 3403 1016 3466 in
1050 3403 1188 3468 Phaedro

180 3519 284 3595 docet,
305 3540 335 3602 p.
354 3520 416 3580 265
434 3516 570 3580 Ε-266
587 3518 622 3582 B.
633 3520 656 3602 ²)
680 3518 785 3599 Quum
800 3543 853 3605 per
868 3522 1043 3586 universum
1059 3530 1183 3607 pateant

180 3638 253 3701 haec
276 3636 354 3714 duo,
371 3636 404 3700 τὸ
423 3632 452 3700 ἓν
475 3644 505 3700 et
528 3639 568 3701 rol
591 3639 707 3710 πολλά,
732 3639 830 3702 caitae
853 3647 883 3702 et
905 3641 1048 3716 cometas,
1073 3640 1187 3714 dialecf

179 3758 252 3820 tices
284 3775 396 3819 munus
424 3762 469 3820 est
491 3758 524 3820 τὸ
547 3759 628 3822 natal
650 3757 719 3833 ye'an
748 3757 911 3837 διαιρεῖσθαι
943 3765 1035 3841 atque
1063 3758 1187 3822 demon-

181 3952 348 3964 *-

218 4059 240 4118 1)
260 4056 313 4106 vid.
322 4056 525 4122 'Prendalenburg
535 4058 619 4108 Gesch.
630 4059 1039 4129 d.Kategorianlehre.Berl.1846.
1056 4076 1079 4124 p.
1089 4059 1185 4131 34-552

214 4153 237 4213 2)
256 4151 293 4201 Οἳ,
311 4167 356 4200 vau
373 4152 486 4212 Heusda,
507 4153 561 4204 [nit.
579 4153 642 4203 Phil.
660 4153 754 4204 Platon.
772 4155 806 4203 11.
842 4155 898 4204 Para
915 4155 953 4213 II,
971 4170 994 4218 p.
1013 4153 1069 4203 101.
