2746 4950
655 320 718 380 δὶα

178 523 216 588 ab
239 523 404 587 Aristotele
426 532 632 588 memorantur
655 526 686 588 αἱ
709 527 917 605 γεγραμμέναι
937 525 1110 609 διαιρέσεις,
1125 527 1188 590 be.

178 642 355 726 partitiones
393 643 591 707 animantium
629 644 662 706 in
699 644 856 727 aquatica,
895 646 1077 723 terrestria,
1113 647 1187 709 aem

178 760 236 844 (De
268 770 345 844 part
380 762 480 839 anim,
508 761 542 839 I,
571 762 653 845 2).¹)
697 760 806 829 I'uerit.
836 762 932 846 igitur
967 762 1098 829 libellus
1124 786 1186 828 nos·

178 890 224 944 ter
261 881 350 965 quasi
379 881 573 966 technologia
602 880 750 965 quaedam
774 882 1002 968 philosophica,
1029 886 1182 951 continens

178 998 369 1064 definitiones
399 999 618 1065 vocabulorum
650 1000 689 1064 ad
719 999 893 1079 dialectos,
917 1001 1045 1095 ethica,¹
1065 1003 1182 1089 physioa

178 1118 414 1203 pertinentium,
438 1120 501 1183 sive
524 1142 539 1183 e
562 1118 700 1183 Platonis
723 1120 910 1185 sermonibus
934 1121 998 1184 sive
1023 1145 1041 1186 e
1060 1121 1180 1207 dialogis

178 1238 368 1323 depromtas,
400 1239 488 1302 euius
519 1241 638 1322 generis
669 1238 829 1324 Sophiste,
851 1239 1020 1318 Philebus,
1045 1239 1179 1305 I‘imaeus

178 1358 251 1420 satis
282 1379 423 1441 maguam
454 1358 572 1442 copiam
603 1357 809 1442 suppeditant.
855 1357 1003 1443 Exempla
1036 1359 1127 1424 modo
1148 1381 1179 1423 ex

179 1475 341 1539 Aristotele
364 1475 482 1560 prolata
504 1497 573 1540 oum
597 1475 653 1540 bae
676 1476 876 1561 explieatione
907 1476 999 1561 plane
1023 1477 1177 1561 quadrant

178 1593 256 1657 Ilcee
291 1616 360 1657 vero
396 1593 518 1678 longam
560 1593 735 1663 huiusmodi
769 1595 969 1678 partitionum
1003 1596 1114 1659 seriem
1146 1594 1179 1659 ad

178 1712 294 1790 ethica,
319 1711 461 1797 politica,
478 1710 654 1789 dialectiea,
678 1710 829 1776 rhetorica
844 1711 964 1796 aliaque
980 1715 1179 1798 spectantium

178 1833 265 1895 offert
287 1831 375 1895 nobis
398 1830 539 1895 Latrtius
562 1832 594 1894 in
618 1830 691 1894 Vita
713 1830 864 1909 Platonis,
892 1830 960 1909 HI,
984 1833 1179 1916 teo-109.

178 1952 291 2037 Incipit
322 1951 369 2014 his
400 1951 519 2015 verbis:
552 1954 647 2032 Διῄρει
676 1951 704 2014 δὲ
727 1952 751 2034 (ὃ
778 1952 931 2033 Πλάτων),
950 1951 1055 2033 φασὶν
1080 1951 1094 2014 o‘
1115 1955 1182 2032 Ἀρι·

178 2070 316 2144 στοτὲλιρς
325 2120 333 2152 ,
358 2075 406 2134 καὶ
432 2071 472 2134 τὰ
488 2071 658 2150 πράγματα
674 2068 835 2134 rainoardi
851 2069 965 2147 τρόπον,
984 2078 1015 2133 et
1030 2069 1183 2135 clauditur

179 2191 282 2253 hisee:
316 2186 368 2253 ὧδε
395 2189 444 2253 καὶ
475 2189 516 2253 τὰ
546 2193 646 2268 πρῶτα
681 2187 763 2268 διῄρει
794 2189 876 2251 κατὰ
898 2187 946 2251 τὸν
969 2190 1202 2266 Ἀριστοτέλην..

178 2305 335 2370 Habemus
358 2307 453 2391 igitur
475 2305 553 2383 hic,
567 2305 734 2369 seeundum
757 2304 942 2388 Diogenem,
968 2305 1073 2401 ipsum
1099 2306 1184 2370 illum

177 2423 289 2488 librum
320 2425 476 2504 διαιρέσεων
507 2445 598 2508 quem
625 2423 657 2486 in
680 2422 820 2486 manibus
843 2420 950 2485 habuit
981 2423 1185 2502 Aristotelem

177 2542 312 2606 dubitari
342 2552 443 2606 tamen
467 2543 573 2626 nequit
595 2564 657 2606 non
681 2564 745 2605 esse
760 2563 915 2625 germanas
931 2541 1006 2604 istas
1021 2541 1185 2625 διαιρέσεις,

177 2662 229 2725 sed
253 2685 302 2725 eas
326 2662 428 2746 potius
452 2683 527 2746 quas
550 2662 706 2726 solatiantur
729 2659 807 2723 dixit
824 2659 1015 2737 Alexander,
1034 2662 1093 2744 qui
1108 2661 1187 2727 liber

177 2781 333 2864 aliquanto
357 2791 492 2864 tempore
515 2788 584 2864 post
607 2779 773 2862 Diogenem
798 2781 886 2861 (saec.
910 2780 998 2863 4‘⁰)e
1021 2779 1186 2844 doctorum

178 2899 318 2963 manibus
356 2899 529 2974 evanuerit,
567 2905 603 2962 ut
632 2896 837 2981 Philoponum
860 2896 964 2975 modo,
978 2896 1186 2974 audiebamus

175 3026 354 3095 testantem,
386 3041 482 3101 quum
512 3040 568 3080 sua
598 3026 695 3081 aetate
717 3038 756 3080 ne
778 3015 1027 3079 commentarium
1057 3017 1188 3099 quidem

176 3137 233 3200 hoe
256 3134 349 3199 titulo
373 3136 523 3198 exstitisse
547 3134 674 3198 affirmat
698 3136 802 3218 (supra
823 3156 853 3219 p.
879 3135 964 3216 219).

220 3253 344 3317 Praeter
367 3254 510 3332 διαιρέσεις
542 3255 573 3317 iu
604 3252 743 3338 Epistola
773 3251 856 3314 XIII
886 3253 977 3315 etiam
1008 3253 1128 3315 mentio
1152 3254 1188 3318 fit

175 3380 230 3439 τῶν
259 3372 465 3451 Πυθαγορείων.
524 3370 607 3452 Quid
637 3371 819 3456 intelligitur
850 3370 906 3432 hoe
936 3369 1050 3433 titulo?
1092 3369 1189 3436 Credi

177 3498 279 3578 posset
301 3491 462 3574 significari
485 3490 622 3555 Platonis
646 3490 822 3566 Timaeum,
845 3489 878 3552 iu
901 3510 963 3571 quo
978 3487 1103 3572 dialogo
1121 3493 1189 3576 phi·

175 3608 322 3694 losophus
348 3608 401 3671 ille
423 3608 647 3694 PythagoreuS‚
672 3610 760 3672 cuius
782 3608 905 3671 nomine
928 3607 1096 3691 inscriptus
1123 3618 1188 3689 est,

176 3730 288 3814 primas
312 3728 375 3810 agit
399 3736 514 3810 pastea,
540 3727 795 3811 quemadmodum
812 3726 903 3789 ceteri
919 3725 1048 3809 dialogi,
1065 3727 1101 3789 in
1120 3731 1189 3811 qui·

210 4014 234 4075 1)
254 4015 304 4062 Hoc
327 4014 378 4062 loco
402 4014 526 4079 Speusippi
549 4016 680 4085 διαιρέσεις,
706 4030 764 4077 quae
787 4030 800 4061 a
822 4013 917 4062 Isadrtio
941 4013 1003 4065 inter
1021 4013 1092 4062 huius
1112 4031 1187 4079 opera

176 4110 294 4167 munitur,
312 4110 438 4173 significari
456 4125 579 4174 perperam
597 4110 699 4172 conjecit
717 4109 848 4158 Suetonius
865 4109 881 4158 l.
899 4109 915 4157 l.
