2746 4950
178 550 353 612 memoratio
384 549 530 612 sermonis
553 557 667 612 secreto
704 550 784 612 inter
806 550 917 612 amicos
945 550 1062 614 habiti?
1090 551 1190 631 Quod

178 666 254 730 alter
277 666 333 745 ait,
358 667 445 730 alteri
468 689 578 751 negare
600 667 681 730 licet.
728 666 799 752 Ipse
823 668 950 751 scriptor
974 668 1031 731 hoc
1055 670 1191 734 sensisse

177 785 314 862 videtur,
338 785 423 849 addit
446 786 542 850 enim:
568 788 636 866 πρὸς
660 786 688 849 δὲ
711 785 820 858 τούτοις
843 786 885 850 ἔτι
907 787 1103 869 σαφεστέρους
1122 789 1191 853 τού-

176 929 232 969 των
253 905 293 975 εἷς
316 903 442 984 ἔλεγχον
460 904 564 981 λόγους
587 905 645 982 ἐγὼ
668 904 740 979 δοίην
763 903 813 979 ἂν,
838 905 865 969 εἴ
886 930 929 977 τις
949 888 1188 988 lauriacum!-

177 1047 247 1088 οοοτο
269 1024 363 1102 κρίσις.
388 1025 428 1108 (p.
447 1026 509 1086 319
534 1025 584 1107 D).
621 1024 736 1087 Mirum
760 1031 879 1100 tamen,
897 1024 922 1087 si
938 1032 1118 1109 argumenta
1132 1049 1192 1089 σοο-

115 1211 121 1224 ‚
177 1140 307 1221 Φέοοεροο
336 1141 367 1204 in
399 1148 522 1226 promtu
553 1141 679 1220 babuit,
713 1142 821 1226 quidni
853 1165 888 1205 ea
915 1143 1114 1227 expromscrit
1155 1145 1190 1209 in

177 1258 317 1344 apologia
339 1259 462 1343 publico
486 1260 557 1323 usui
580 1259 740 1323 destinata.

220 1377 361 1461 Denique
399 1386 498 1441 totum
532 1379 677 1462 epistolae
708 1386 944 1463 argumentum,
979 1386 1009 1442 et
1043 1381 1190 1465 Dionysii

177 1497 347 1560 criminatio
371 1504 401 1560 et
424 1497 560 1560 Platonis
582 1497 739 1575 defensio,
764 1497 913 1562 eiusmodi
937 1505 999 1575 est,
1017 1505 1053 1561 ut
1068 1500 1189 1565 fictioni

177 1638 269 1698 quam
291 1616 411 1678 veritati
435 1615 563 1679 similior
586 1617 635 1680 sit.
674 1615 838 1700 Dionysius
860 1616 1020 1691 Platonem
1044 1626 1189 1698 accusat,

177 1733 258 1817 quod
271 1756 348 1817 quae
360 1734 457 1798 facere
469 1758 501 1797 se
513 1734 587 1797 olim
598 1734 820 1819 prohibuisset,
834 1735 872 1798 ad
887 1735 989 1799 eadem
1003 1737 1193 1820 perficienda

176 1875 259 1916 nunc
286 1859 391 1916 auctor
417 1852 456 1915 sit
483 1852 594 1930 Dioni,
619 1860 655 1917 ut
674 1875 781 1938 nempe
799 1853 929 1918 Graecas
947 1853 1069 1918 Siciliae
1082 1855 1192 1920 civita·

176 1977 221 2033 tes
245 1993 262 2033 a
285 1969 581 2054 Carthaginiensium
606 1970 813 2035 dominatione
832 1971 976 2036 liberaret
992 1979 1021 2035 et
1038 1973 1193 2057 aequiori·
1224 1976 1226 1981 ’

175 2090 233 2154 bus
256 2089 376 2174 legibus
399 2096 548 2174 regnaret.
595 2088 680 2154 Num
705 2097 806 2154 autem
823 2091 985 2154 verisimile
1000 2098 1190 2176 tyrannum,
1217 2145 1219 2148 Α

85 2293 87 2296 y
177 2209 230 2292 qui
261 2208 363 2271 omnia
396 2230 451 2272 suo
475 2208 601 2273 arbitrio
624 2208 747 2294 gerebat
771 2217 801 2272 et
824 2208 1000 2294 philosophi
1023 2218 1193 2296 praecepta

178 2326 412 2411 aspernabatur,
437 2326 530 2390 huius
553 2327 677 2391 monitis
701 2349 718 2390 a
740 2327 917 2411 gravissimo
941 2328 1067 2392 oonsilio
1083 2351 1193 2395 avoca-

176 2451 244 2508 tum
267 2444 375 2521 fuisse,
400 2450 471 2522 aut,
497 2444 521 2508 si
545 2445 667 2522 fuisset,
691 2444 723 2508 id
746 2446 846 2530 palam
868 2445 906 2509 de
923 2469 954 2510 se
970 2446 1084 2510 fassum
1101 2449 1192 2513 esse?
1255 2468 1257 2473 ·

176 2561 259 2642 Quid
284 2569 385 2625 autem
409 2585 478 2626 eum
501 2561 682 2647 prohibebat
712 2562 886 2647 idipsum,
918 2564 943 2627 si
968 2563 1076 2641 vellet,
1102 2588 1193 2631 nuno

177 2681 296 2758 facere,
329 2703 390 2765 quo
415 2703 487 2744 sane
510 2680 618 2744 Dionis
643 2687 672 2744 et
695 2680 832 2744 Platonis
855 2681 1027 2745 molitiones
1050 2706 1195 2767 praever-

176 2799 284 2863 tisset?
319 2799 456 2862 Platonis
487 2807 589 2863 autem
619 2800 775 2884 responsio
805 2808 956 2865 nontam
981 2801 1116 2865 defensio
1142 2813 1193 2868 est

177 2940 269 3001 quam
295 2918 517 2995 recriminatio,
546 2917 674 3003 indigna
697 2919 778 2996 viro,
804 2920 856 3002 qui
881 2943 952 2983 suae
976 2920 1034 2983 sibi
1057 2921 1192 2987 virtutis

177 3044 208 3099 et
238 3036 396 3121 dignitatis
427 3037 584 3114 conscius,
616 3037 747 3122 improbi
770 3038 901 3102 hominis
925 3038 1092 3103 calumnias
1117 3063 1193 3106 con-

177 3164 310 3220 temnere
337 3155 424 3220 faoile
447 3156 558 3242 potuit.

220 3273 330 3358 Itaque
353 3275 429 3338 mihi
453 3275 573 3338 videtur
596 3298 650 3338 neo
674 3275 840 3360 Dionysius
865 3283 927 3340 tam
945 3277 1059 3341 stultus
1072 3278 1191 3359 fuisse,

176 3399 212 3456 ut
242 3393 361 3456 futilem
393 3393 467 3456 adeo
501 3393 741 3457 criminationem
775 3394 813 3457 de
849 3395 976 3459 Platone
1011 3406 1191 3481 spargeret,

176 3534 231 3575 nec
262 3512 349 3575 Plato
379 3519 442 3575 tam
462 3512 611 3597 ineptus,
635 3513 688 3597 qui
711 3513 748 3576 ad
773 3513 851 3577 hanc
874 3514 951 3577 serio
974 3515 1190 3599 responderet.

176 3621 360 3694 Plutarchus'
388 3630 420 3693 in
443 3630 506 3693 vita
528 3631 636 3694 Dionis
659 3632 700 3714 (c.
726 3633 780 3716 20)
803 3639 924 3710 narrat,
950 3654 1045 3716 quum
1070 3633 1191 3722 Diony-

176 3750 239 3812 sius
269 3748 428 3812 Platonem
459 3748 496 3813 ab
528 3748 638 3812 ultimo
668 3749 776 3813 itinere
800 3751 937 3819 Athenas
961 3773 1116 3816 reversum
1140 3777 1192 3819 ro

176 3874 292 3951 gasset,
316 3890 354 3931 ne
377 3867 534 3933 invidiosis
558 3869 595 3933 de
619 3893 651 3933 sc
675 3870 1099 3936 sermonibus·existimationi
1112 3896 1192 3940 suae

178 3984 259 4073 apud
294 3985 425 4049 Graecos
459 3994 597 4065 noceret,
632 3987 715 4052 hunc
748 3988 953 4074 respondisse:
990 3993 1032 4067 μὴ
1055 3990 1189 4070 τοοοούτη

176 4079 271 4184 λόγων
294 4104 323 4168 ἐν
345 4103 512 4191 Ἀκαδημίᾳ
541 4105 649 4186 γένοιτο
672 4103 794 4182 rudere,
817 4104 890 4175 dors
914 4113 964 4175 σοῦ
985 4131 1051 4175 aava
1074 4133 1190 4189 μνημο·
