2746 4950
637 309 652 369 7

142 516 347 592 consentiunt,
363 515 496 600 primum
509 516 610 580 locum
622 523 725 581 tenere
737 516 908 601 Epistolam
921 513 994 592 VII,
1012 515 1147 598 proxime

142 635 215 698 huic
246 633 385 698 accedere
416 635 469 698 III
499 643 529 699 et
559 635 641 700 VIII
646 663 655 714 ;
688 658 762 720 quas
791 644 851 699 tres
878 633 1021 718 epistolas
1046 632 1147 696 Plato-

142 755 189 818 nis
224 753 419 817 familiarium
454 754 545 818 alicui
576 755 708 819 tribuere
740 777 801 817 non
833 753 954 818 dubitat
983 752 1145 829 Salomon,

142 871 335 937 Hermannus
366 879 548 956 postremam
579 873 700 950 eximit,
730 894 821 956 quam
845 895 863 935 a
885 871 1005 934 falsario
1029 871 1147 934 concin-

141 997 242 1055 natam
278 998 375 1075 putat.
421 991 458 1054 In
489 999 657 1055 ceterarum
688 991 746 1055 fide
778 1000 808 1055 et
831 993 928 1076 pretio
952 991 1146 1054 aestimandis

142 1110 321 1194 discrepant.
356 1109 499 1174 Salomon
521 1110 674 1195 Epistolas
690 1110 746 1188 IV,
763 1109 829 1188 IX,
846 1110 875 1173 X
895 1111 1052 1194 anteponit
1076 1110 1147 1194 Ilpi-

141 1228 225 1291 stolis
248 1228 299 1306 II,
323 1227 386 1306 VI,
411 1219 476 1306 XI,
500 1228 583 1306 XII,
608 1228 708 1306 XIII,
733 1250 808 1312 quas
825 1229 936 1315 pejoris
952 1236 1042 1291 notae
1058 1228 1146 1291 aesti-

140 1361 220 1424 mat;
244 1346 438 1411 Hermannus
461 1356 567 1411 contra
589 1348 665 1433 app.
691 1347 742 1426 II,
761 1347 800 1426 V,
818 1347 864 1411 VI
886 1348 1010 1411 meliore
1025 1348 1063 1411 de
1079 1347 1145 1410 luto

140 1489 204 1530 csse
222 1466 341 1551 judicat
363 1488 456 1550 quam
478 1467 526 1530 IX
542 1474 572 1531 et
588 1466 627 1530 X.
652 1467 788 1551 Uterque
805 1490 909 1531 eorum
925 1466 1092 1551 Epistolam
1110 1465 1144 1544 I,

139 1585 281 1648 Salomon
316 1585 408 1649 etiam
442 1585 471 1646 V
505 1608 567 1649 non
601 1585 755 1663 Platonis,
792 1585 844 1649 scd
879 1585 988 1648 Dionis
1022 1585 1145 1648 nomine

140 1703 364 1768 inscribendam
386 1714 506 1782 censet;
531 1703 568 1768 de
592 1727 653 1788 quo
677 1705 764 1767 infra.

184 1821 277 1902 Quod
307 1823 345 1886 ad
375 1822 440 1886 VII
463 1822 633 1908 Epistolam
656 1823 783 1901 attinet,
807 1823 882 1886 hacc
906 1822 944 1886 ab
969 1821 1145 1885 Hermanno

139 1942 331 2026 praedicatur
360 1942 479 2006 illustre
508 1949 758 2020 monumentum,
783 1942 815 2005 in
839 1963 900 2025 quo
923 1941 1060 2004 Platonis
1082 1941 1145 2004 vita

140 2068 171 2124 et
193 2061 351 2144 ingenium
374 2083 443 2124 vere
466 2068 539 2124 snut
562 2054 710 2145 expressa.
732 2063 753 2145 ¹)
777 2059 877 2132 Causa
892 2082 946 2123 cur
962 2082 1028 2122 eam
1043 2066 1144 2123 tamen

141 2178 263 2242 Platoni
294 2179 464 2265 abjudicat,
500 2180 603 2264 potius
633 2186 679 2242 est
710 2179 793 2263 quod
824 2179 1018 2263 scriptionem
1048 2178 1144 2262 ipsius

112 2321 285 2384 ‚personae
323 2298 425 2361 minus
464 2297 737 2375 accommodatam,
777 2320 868 2381 quam
904 2297 988 2381 quod
1021 2297 1144 2381 ingenio

139 2418 295 2502 indignam
327 2423 439 2480 censat.
482 2414 554 2480 Non
577 2422 680 2480 tamen
703 2416 775 2479 satis
799 2416 959 2501 perspicua
982 2422 1037 2479 aut
1059 2417 1145 2479 firma

139 2543 317 2619 argumenta
350 2535 471 2613 attulit,
507 2558 571 2613 cur,
608 2535 634 2598 si
668 2534 804 2598 Platonis
839 2556 985 2619 personae
1016 2533 1144 2618 epistola

138 2676 246 2739 parum
268 2659 470 2717 consentanea
492 2653 655 2732 habeatur,
680 2653 772 2717 alicui
795 2652 990 2716 familiarium
1013 2654 1077 2738 ejus
1093 2654 1145 2716 tri-

138 2772 267 2850 buatur,
300 2779 354 2835 aut
384 2773 410 2836 si
441 2772 533 2857 digna
563 2772 625 2835 sint
647 2773 792 2856 magistro
816 2771 912 2835 oratio
936 2783 966 2834 et
988 2793 1145 2854 argumen-

138 2897 221 2967 tum,
253 2912 308 2953 cur
337 2877 398 2953 non
430 2890 490 2975 ipsi
512 2891 615 2975 potius
640 2913 731 2974 quam
762 2889 914 2975 discipulo
945 2879 1143 2954 adscribaturss

139 3008 233 3072 Porro
265 3015 384 3086 autem,
416 3009 442 3072 si
464 3009 539 3073 hacc
563 3009 691 3094 epistola
713 3008 836 3073 Platoni
865 3009 1054 3087 vindicatur,
1079 3008 1146 3071 reli-

139 3150 269 3211 quarum
302 3128 469 3192 nonnullae
504 3135 583 3193 certe
617 3151 680 3193 non
713 3135 834 3192 tantum
870 3128 907 3192 ab
942 3127 995 3190 illa
1031 3127 1146 3191 distant

139 3252 290 3330 quantum
312 3246 401 3310 nothi
424 3254 455 3311 et
477 3248 573 3332 spurii
596 3247 704 3311 fratres
727 3270 745 3310 1
767 3269 920 3331 germano.
956 3244 1060 3325 Quare
1083 3268 1146 3309 non

138 3364 310 3428 mirandum
342 3365 434 3443 foret,
459 3365 485 3429 si
507 3365 591 3430 illius
615 3372 794 3451 argumenta
816 3366 930 3429 multos
955 3365 1147 3450 impellerent

137 3627 233 3676 nomine
255 3612 325 3692 vulgo
342 3628 466 3687 feruutur,
483 3629 551 3692 Spec.
568 3627 621 3678 crit.
647 3627 819 3676 Gisoae1828.
854 3629 905 3678 Hoc
929 3633 1008 3677 tamen
1025 3628 1138 3692 opusculo

137 3721 196 3770 milri
214 3722 249 3771 ati
264 3740 312 3772 non
323 3724 405 3782 licuit,
420 3739 463 3772 nec
475 3724 549 3788 magis
560 3724 634 3772 altera
645 3722 776 3772 Hermanni
787 3723 930 3787 scriptione,
941 3723 1019 3772 Ueber
1031 3723 1137 3772 Platon's

137 3816 291 3868 Schriststell.
306 3807 415 3867 Metire(
431 3818 563 3882 Epistolam
580 3818 606 3866 Il
623 3817 749 3882 diligenter
761 3818 905 3868 examinavit
920 3818 1048 3883 Wiegand‚
1066 3819 1138 3882 Symb

137 3913 198 3964 erit.
216 3914 241 3962 in
258 3914 319 3964 Plat.
336 3915 381 3979 ap.
399 3915 432 3965 ΙΙ.
457 3914 573 3964 Wormat.
592 3915 664 3963 1854.

169 4010 194 4071 1)
210 4009 322 4075 Appellat
343 4025 395 4061 eam
412 4009 468 4070 „ein
484 4009 661 4059 authentisohes
678 4010 813 4059 Documout
829 4010 869 4059 fur
886 4008 977 4060 Plato’s
993 4013 1086 4059 iussere
1097 4010 1147 4059 und

135 4104 217 4154 iuuere
233 4104 487 4170 Labensgoschiehte.”
504 4122 528 4170 p.
544 4103 601 4153 424.
