2746 4950
719 352 759 412 20

211 526 214 535 ,
239 555 384 640 Dionysio
408 555 471 619 dati
494 564 611 640 spectat
634 556 671 620 ad
695 556 726 619 id
750 557 832 640 quod
854 557 890 620 de
907 558 1015 622 ultimo
1031 557 1168 622 Platonis
1184 560 1248 623 dis·

238 696 323 736 cessu
347 697 363 738 e
386 674 488 738 Sicilia
511 674 623 760 legitur
645 676 677 738 in
701 675 757 760 Ep.
775 675 855 754 VII,
872 699 902 760 p.
921 679 983 739 350
1001 676 1044 739 B:
1061 677 1246 757 ἀπέπεμψεν

237 792 339 874 ἐφόδια
363 793 442 869 δούς;
467 793 549 876 quod
573 801 676 857 autem
699 794 787 857 initio
810 794 956 879 epistolae
972 794 1009 858 de
1029 818 1061 858 se
1077 795 1168 872 dicit,
1185 797 1245 868 τάς

236 912 378 989 διαβολάς
395 914 543 994 δυσχερεῖς
559 914 646 986 οὕοας
659 915 806 996 ὑπέμενον,
821 922 937 999 spectat
949 914 987 978 ad
1000 915 1169 979 aulicorum
1186 916 1245 978 cri-

236 1030 425 1094 minationes
466 1032 555 1095 Unde
579 1042 704 1118 apparet
727 1034 870 1117 scriptam
894 1033 971 1096 hanc
988 1035 1147 1118 epistolam
1164 1035 1241 1118 fingi

235 1157 304 1234 post
330 1150 471 1214 ultimum
494 1151 660 1215 discessum
682 1152 819 1215 Platonis
843 1175 859 1215 e
883 1152 985 1216 Sicilia
1009 1153 1135 1236 eiusque
1151 1176 1243 1237 argu-

234 1276 371 1332 mentum
396 1258 433 1332 eu
455 1270 509 1333 illa
532 1269 618 1355 (VII)
643 1270 771 1335 ductum
795 1293 868 1334 csse.
916 1270 975 1334 Sed
998 1270 1156 1335 incudem
1180 1271 1243 1355 epi·

236 1386 326 1450 stola·
348 1388 446 1451 multa
476 1396 549 1452 sunt
579 1389 691 1473 inepta.
744 1389 881 1452 Primum
911 1389 986 1466 hoc,
1019 1388 1101 1472 quod
1132 1389 1242 1473 incipit
1261 1456 1288 1468 Ι,

236 1505 351 1588 alloqui
379 1500 481 1590 plures
512 1508 607 1590 (ὑμῖν,
639 1507 778 1588 ὑμετέραν
808 1509 930 1593 άρχὴν),
959 1514 1034 1592 puta
1056 1507 1240 1592 Dionysium

234 1606 369 1709 ejusque*
390 1625 497 1688 fratres
528 1625 575 1688 vel
605 1627 810 1711 propinqum,
842 1634 914 1694 tum.
940 1633 1042 1691 autem
1073 1627 1175 1690 subito
1201 1626 1240 1689 ad

233 1766 329 1806 unum
360 1743 544 1827 Dionysium
576 1745 726 1807 convertit
756 1745 940 1822 orationem,
966 1758 1057 1828 quem
1079 1766 1177 1828 usque
1202 1745 1240 1808 ad

232 1862 323 1924 finem
347 1861 462 1946 alloqui
485 1863 585 1947 pergit
608 1863 655 1946 (σὺ
678 1862 707 1926 δὲ
730 1869 851 1934 τοιοῦτος
868 1863 901 1927 ὤν
919 1866 997 1947 etc).
1022 1862 1141 1926 Deinde
1157 1863 1240 1927 dicta

233 2004 339 2065 parum
363 1990 538 2065 congruunt
561 1981 682 2045 Platoni
706 2004 740 2045 ac
760 1982 849 2066 plane
865 1982 1037 2067 discrepant
1053 1982 1090 2046 ab
1106 1982 1143 2045 iis
1160 2005 1239 2066 quae

233 2101 265 2163 iu
296 2099 347 2163 ΠΙ
378 2108 408 2164 et
439 2100 503 2164 VH
534 2101 694 2187 leguntur,
726 2102 901 2186 praesertim
930 2101 1012 2184 quod
1035 2101 1122 2164 initio
1142 2100 1183 2164 de
1206 2125 1238 2165 se

235 2217 327 2281 dicit:
352 2220 506 2298 διατρίψας
519 2221 576 2297 ἐγὼ
588 2223 657 2299 παρ’
669 2221 736 2298 ὑμῖν
747 2221 846 2300 χρόνον
861 2224 992 2284 τοσοῦτοι
1002 2218 1052 2284 καὶ
1067 2220 1171 2283 διοικῶν
1186 2222 1239 2294 τὴν

233 2337 372 2418 ὑμετέραν
387 2339 504 2418 ’άρχήν,
519 2339 607 2420 item,
624 2338 806 2419 αὐτοκράτωρ
826 2338 855 2401 δὲ
871 2336 1013 2409 πολλάκις
1028 2338 1079 2412 τὴν
1096 2336 1237 2416 ὑμετέραν

156 2454 158 2458 ’
231 2457 314 2519 πόλιν
337 2455 537 2538 διαφυλάξας.
576 2455 682 2520 Fuerit
704 2455 793 2519 Plato
817 2454 1005 2540 aliquamdiu
1028 2477 1138 2540 magna
1153 2456 1237 2539 apud

229 2571 411 2656 Dionysium
436 2575 632 2652 auctoritate,
653 2582 774 2638 tantum
797 2582 877 2638 certe
900 2596 1066 2658 numquam
1088 2573 1185 2637 valuit
1200 2583 1239 2637 ut

230 2693 424 2773 αὐτοκράτορα
447 2716 479 2756 se
502 2693 602 2757 dicere
624 2701 735 2778 posset.

274 2811 361 2874 'Pales
391 2812 429 2876 ob
452 2813 585 2876 rationes
607 2811 748 2906 Ficinum
772 2811 862 2876 credo
884 2813 963 2875 hanc
986 2811 1145 2895 epistolam
1168 2811 1235 2874 Pla-

228 2930 293 2992 toni
317 2929 505 3016 abjudicasse
529 2938 560 2994 et
582 2931 675 2995 Dioni
698 2931 859 3009 tribuisse,
879 2952 970 3014 quem
985 2930 1121 3014 plerique
1137 2930 1235 2994 secuti

228 3057 310 3112 sunt.
357 3050 399 3113 At
429 3050 503 3113 huic
525 3050 626 3114 minus
650 3051 741 3114 etiam
764 3051 921 3113 convenit:
945 3072 1016 3113 nam
1039 3049 1121 3132 quod
1144 3050 1233 3114 initio

191 3165 208 3246 ⁴⁴
227 3167 339 3251 legitur
355 3167 509 3249 διατρίψας
525 3170 582 3245 ἐγὼ
598 3170 666 3250 παρ’
682 3169 766 3243 ὑμῖν,
783 3168 939 3249 διατρίβειν
954 3168 987 3231 in
1002 3167 1069 3230 loco
1085 3170 1148 3231 non'
1160 3167 1232 3232 dici-

226 3296 277 3348 tur
300 3285 337 3348 de
352 3285 411 3349 loci
427 3286 544 3364 incola;
561 3309 660 3370 neque
676 3286 771 3350 Dioni
786 3287 881 3370 magis
901 3308 992 3370 quam
1007 3285 1130 3349 Platoni
1143 3285 1232 3349 licuit

226 3402 263 3466 de
286 3427 318 3467 se
341 3403 456 3468 dicere:
483 3407 664 3497 αὐτοκράτωρ
687 3442 732 3454 -
752 3403 954 3482 διαφυλάξας,
971 3405 1085 3489 quippe
1100 3405 1230 3490 quinon

223 3522 267 3584 ita
289 3523 387 3586 multo
411 3531 480 3608 post
504 3546 596 3608 quam
618 3523 784 3608 Dionysius
802 3523 879 3608 patri
895 3523 927 3586 in
943 3545 1069 3607 regnum
1086 3525 1231 3586 successit

224 3642 332 3725 pulsus
356 3651 443 3707 esset.
478 3643 637 3708 Praeterea
656 3644 802 3707 viaticum
817 3643 911 3707 Dioni
927 3667 943 3707 a
959 3643 1106 3728 Dionysio
1122 3643 1229 3707 datum

224 3782 287 3823 esse
310 3783 372 3825 non
388 3762 560 3846 probabile:
584 3763 668 3855 misit
684 3763 712 3826 ei
728 3763 892 3845 quotannis
909 3761 1147 3846 praediorumet
1162 3762 1228 3825 fun-

223 3878 330 3943 dorum
354 3879 471 3945 reditus
478 3908 488 3960 ;
520 3888 551 3945 at
573 3881 696 3946 Platoni
718 3881 861 3944 viaticum
885 3880 992 3944 datum
1015 3903 1078 3944 esse
1101 3903 1228 3945 commc-

200 4030 202 4037 ·
222 4005 320 4061 morat
343 3999 433 4063 etiam
456 4000 596 4086 Epistola
619 3999 697 4076 VII,
721 4023 750 4084 p.
777 4001 839 4062 :350
865 3999 900 4062 B.
933 3998 1039 4062 Fuisse
1055 4005 1157 4062 antem
1173 4001 1227 4083 qui

221 4116 418 4200 opinarentur
448 4118 606 4183 Platonem
635 4141 737 4182 revera
767 4118 797 4180 in
827 4119 897 4181 aula
920 4117 1058 4201 Dionysii
1081 4125 1231 4201 tanquam
