2746 4950
671 338 710 400 79

184 545 348 622 „arcessivi
372 517 463 609 111111
494 544 659 609 etiterum
682 566 845 622 arcessam,
869 545 896 608 si
918 544 1090 611 auscultare
1112 545 1188 611 mihi

183 664 289 744 „velit
320 663 501 750 Dionysium
525 670 626 727 autem
650 684 702 726 oro
726 669 756 727 et
778 663 882 748 flagito
904 672 957 741 ut,
982 665 1007 728 si
1035 666 1103 750 quis
1126 665 1188 730 He-

183 781 326 862 „raclidi
343 782 463 846 obviam
492 781 528 845 fit
557 781 605 846 vel
635 782 699 845 ruri
728 781 777 845 vel
807 782 840 847 in
869 782 961 862 urbe,
992 783 1070 847 nihil
1103 783 1188 848 aliud

183 900 362 980 „molestiae
385 902 413 966 11
436 901 501 965 fieri
524 901 604 964 sinat
632 901 692 964 nisi
721 908 758 964 ut
773 901 889 965 exsulet
905 924 921 965 e
935 902 1073 986 regione,
1091 903 1187 967 donec

183 1019 372 1105 „Dionysius
395 1019 483 1084 aliter
503 1026 628 1082 statuat.
652 1018 738 1096 Hoc,
762 1019 881 1102 inquit,
905 1019 1088 1106 Dionysium
1109 1043 1209 1114 com·-

181 1137 339 1223 „pellans,
364 1145 399 1201 tu
421 1137 498 1201 mihi
520 1136 694 1221 promittis?
727 1136 894 1216 Promitte,
911 1139 1084 1224 respondit,
1098 1161 1186 1217 eum,

181 1278 243 1335 „ne
266 1256 349 1321 domi
372 1255 495 1341 quidem
517 1263 592 1327 tuae,
609 1255 636 1318 si
651 1254 911 1340 deprehendatur,
936 1257 1099 1341 quicquam
1115 1255 1188 1323 mali

181 1396 366 1458 „passurum
389 1380 493 1463 contra
515 1372 598 1456 qnod
621 1395 703 1437 nunc
727 1381 851 1458 pactum
874 1373 950 1438 est.'’

227 1492 545 1577 Quicumquegraeca
560 1491 651 1556 verba
666 1492 761 1576 legat,
781 1500 923 1578 agnoscat
938 1493 985 1557 bis
997 1500 1103 1577 terque
1114 1493 1187 1558 rele

181 1610 281 1696 gendo
303 1633 367 1675 esse
389 1617 426 1675 ut
448 1632 570 1675 sensum
593 1632 763 1694 assequare.
809 1609 909 1675 Causa
928 1611 1120 1676 obscuritatis
1137 1634 1188 1697 po

163 1727 241 1791 sita
262 1728 373 1813 partim
395 1729 427 1791 in
450 1727 612 1792 verborum
635 1727 831 1812 ambagibus,
855 1735 892 1792 ut
914 1728 947 1793 in
969 1729 1035 1792 his:
1060 1729 1110 1794 ἐὰν
1130 1729 1188 1806 ἐγὼ

181 1847 312 1926 γένωμαι
336 1848 413 1928 δεῦρο
436 1849 496 1926 ‘Hp
520 1848 637 1926 κομίσοιι
649 1847 767 1919 δυνατὸς
784 1850 852 1925 ἡμῖν
871 1848 911 1919 εἰς
925 1838 1047 1926 λόγουξ,
1065 1869 1119 1932 pro
1135 1848 1186 1911 r'alv

181 1967 308 2044 δύναμαι
339 1967 442 2031 πεῖθειν
473 1965 658 2047 Ἡρακλείδην
682 1968 750 2043 ἡμῖν
772 1967 812 2035 εἰς
834 1964 939 2043 λόγους
962 1968 1070 2044 ε’λόεῖν;
1096 1965 1188 2030 dein:

182 2083 425 2163 μετεπεμψάμην
444 2081 610 2164 πρότερον,.
627 2133 656 2148 ..
680 2082 920 2162 μεταπέμψομαι
943 2084 972 2148 δὲ
995 2085 1045 2149 καὶ
1070 2091 1132 2160 νῦν,
1153 2083 1188 2149 ἂν

180 2204 208 2266 τ’
230 2201 290 2266 ciart
319 2209 372 2276 τῆς
404 2198 540 2281 προτέρας
569 2209 836 2279 μεταπομπῆς...
860 2198 896 2264 όιν
919 2204 947 2265 τ’
969 2203 1029 2266 οὶπὸ
1052 2211 1104 2277 τῆς
1128 2207 1184 2267 νῦν.

180 2319 296 2382 Partim
329 2318 497 2383 obscuritas
531 2318 629 2382 oritur
659 2340 695 2381 ex
726 2318 887 2382 omissione
917 2320 1076 2384 nominum
1109 2342 1186 2405 quae

181 2437 338 2524 supplevi,
369 2438 481 2523 partim
509 2437 640 2521 denique
663 2459 679 2501 1
698 2439 844 2522 junctura
866 2439 1071 2503 membrorum
1093 2440 1187 2526 impe·

181 2556 247 2620 dita
269 2564 300 2620 11
323 2557 481 2642 ambigua,
509 2563 630 2620 utnon
653 2577 776 2620 sensum
799 2580 816 2621 e
838 2557 967 2634 verbis·
980 2557 1033 2621 sed
1056 2580 1186 2623 1111111

181 2676 271 2740 verba
301 2676 451 2762 explicare
481 2676 600 2740 debeas.
646 2675 741 2740 Velut
772 2676 892 2740 iubis:
918 2675 953 2742 ο1ν
976 2674 1035 2757 οῖρα
1057 2677 1099 2754 μὴ
1122 2675 1187 2757 δόξα

181 2795 236 2860 δεῖν
270 2796 358 2860 αὐτὸν
388 2796 469 2861 οἰκεῖν
500 2796 528 2860 ἕν
551 2796 672 2878 Σικελία
678 2844 688 2873 ,
712 2802 781 2880 post
809 2793 1187 2881 δόξ1111111111111111111-

182 2914 263 2978 tulat
289 2914 380 2978 inseri
396 2915 547 2994 Διονυσίῳ,
571 2890 676 2978 contra
691 2913 747 2978 δεῖν
762 2913 871 2977 melius
888 2913 1006 2978 abesset
1030 2913 1078 2998 (ci.
1096 2936 1188 2999 supra

181 3055 211 3117 p.
235 3034 299 3117 45).
342 3032 461 3096 Deinde
484 3053 581 3115 quum
600 3033 703 3118 jungit
726 3032 813 3097 αὐτὸν
835 3032 918 3096 οἰκεῖν
941 3033 970 3096 ἕν
995 3042 1058 3097 Σικ.
1082 3032 1130 3096 τὸν
1152 3055 1186 3095 τε

181 3151 238 3215 υἱόν
256 3149 392 3229 λαβόντα
414 3175 441 3216 ιι.
465 3176 493 3215 τ.
518 3157 646 3227 γυναῖκα
668 3147 738 3224 ἀξιῶ
757 3151 797 3221 εἷς
815 3160 888 3215 Πελ.
909 3150 1068 3224 οὶποπλεῖν,
1093 3130 1186 3212 ambi·

181 3290 277 3354 guum
308 3276 370 3347 est,
401 3278 507 3333 utrum
537 3269 731 3355 participium
759 3269 895 3346 λαβόντα
919 3290 989 3332 cum
1011 3290 1186 3353 praegresso

180 3390 263 3452 οῖκεῖν
289 3410 328 3452 11
350 3409 420 3454 eum
443 3395 590 3473 sequente
611 3390 757 3454 ἀποπλεῖν
777 3387 970 3473 jungendum
993 3388 1044 3451 sit.
1083 3387 1186 3451 Poste·

180 3506 245 3569 rius
276 3506 384 3572 suadet
414 3528 530 3571 sensus,
561 3505 621 3571 Sed
643 3507 740 3570 maior
762 3506 931 3571 obscuritas
954 3514 1098 3571 remanet.
1137 3504 1187 3569 In·
1269 3478 1273 3487 ι

180 3624 255 3710 cipit
284 3625 344 3688 sic:
369 3625 512 3691 Accedent
536 3627 594 3702 ἐγὼ
617 3627 702 3690 πεῖόοι
726 3627 847 3709 τουτονί,
872 3625 922 3690 ε’όν
944 3633 1020 3702 cet,
1044 3625 1186 3711 deinceps

181 3745 225 3808 sic
255 3744 370 3828 pergit:
402 3745 451 3809 τόν
480 3769 514 3809 τε·
544 3745 601 3810 υἱὸν
632 3744 769 3823 λαβόντα
797 3746 847 3810 καὶ
878 3746 930 3818 τὴν
960 3751 1088 3823 γυναῖκα
1115 3742 1186 3820 ἀξιῶ

180 3863 388 3948 (Ἡρακλείδην)
415 3865 455 3935 εἷς
474 3863 687 3939 Πελοπόννησον
713 3866 866 3929 οὲποπλεῖν.
899 3862 1035 3948 Scriptor
1057 3861 1115 3925 hoc
1137 3882 1187 3923 1ο-

180 3980 241 4045 1111
271 3980 387 4045 dicere:
417 3981 588 4066 „Dionysio
619 3980 802 4066 persuadeo,
834 3982 859 4046 si
883 3989 956 4060 111,
980 4001 1111 4063 eumque
1134 4001 1186 4042 oro

181 4107 217 4164 ut
240 4098 415 4164 Heraclides
438 4100 470 4164 in
492 4099 737 4186 Peloponnesum
758 4100 911 4187 naviget.''
958 4099 1073 4163 Graeca
1096 4098 1186 4162 verba
