2746 4950
657 344 718 403 121

184 571 315 632 quorum
347 549 489 634 deinceps
517 572 642 613 munera
665 557 695 611 et
718 548 816 610 officia
838 569 906 628 suo·
919 546 976 609 sibi
999 545 1124 608 arbitrio
1147 545 1190 607 in·

184 671 334 734 formavit.

227 905 473 970 Commemorans
505 906 631 989 triginta
661 905 794 969 virorum
825 903 1036 968 crudelitatem
1070 908 1100 965 et
1130 902 1190 964 vio·

182 1025 325 1103 lentiam,
349 1024 455 1088 laudat
478 1024 610 1087 Socratis
634 1024 853 1101 constantiam,
879 1023 932 1107 qni
955 1044 1051 1105 quum
1076 1019 1113 1083 ab
1129 1019 1191 1082 illis

178 1145 282 1229 jussus
298 1129 384 1207 'esset
406 1142 552 1207 Leontem
576 1142 775 1206 Salaminium
791 1165 827 1207 ex
843 1141 899 1206 hac
911 1141 1011 1205 insula
1022 1141 1054 1204 iu
1069 1139 1189 1203 tholum

182 1262 349 1341 abducere,
374 1285 435 1325 uon
459 1262 569 1347 paruit.
616 1261 704 1324 Idem
726 1261 841 1325 factum
864 1260 963 1325 multo
982 1259 1115 1323 lucidius
1131 1282 1191 1322 me·
1280 1266 1281 1269 ’

182 1389 318 1446 moratur
340 1381 372 1444 in
396 1381 548 1466 Apologia
571 1379 702 1444 Socratis
712 1429 722 1458 ,
748 1403 777 1464 p.
802 1382 842 1443 32
861 1378 895 1442 C.
931 1378 1005 1443 Mox
1028 1401 1099 1468 vero
1123 1378 1192 1442 abo·

183 1501 238 1564 lita
250 1499 384 1563 'illorum
408 1505 575 1584 potestate,
600 1499 723 1563 libertas
739 1499 880 1563 restituta
897 1505 952 1562 est.
988 1496 1073 1577 Quid
1090 1503 1190 1559 autem

183 1627 251 1682 tum
275 1618 404 1683 accidit?
429 1618 516 1683 Κατοὶ
539 1618 567 1682 δέ
586 1642 651 1682 τινα
671 1619 764 1697 τυχδν
784 1613 823 1681 αὖ
839 1621 886 1681 τὸν
906 1617 1014 1696 ἑταῖρον
1034 1619 1112 1693 ἡμῶν
1132 1626 1192 1679 Συ·

184 1736 288 1817 κράτη,
312 1744 410 1802 τοῦτον
434 1736 652 1808 δυναστεύοντές
668 1761 742 1808 τινες
758 1734 922 1812 εἰσάγουσιν
941 1737 980 1806 εἰς
996 1735 1189 1812 δικαστήριον,

183 1854 376 1931 ἀνοσιωτάτην
400 1856 497 1919 αἰτίαν
520 1835 733 1932 ἐπιβάλλοντες
756 1854 805 1919 καὶ
822 1852 937 1918 τοὶντιον
955 1852 1060 1929 ἥκιστα
1077 1851 1191 1934 Σωκρα-

182 1998 226 2039 τει
250 1975 465 2052 προσήκουσαν·
488 1976 525 2044 ὡς
548 1974 650 2063 ἀσεβῆ
665 1974 724 2051 γαρ
744 1974 768 2036 οἱ
787 1971 840 2050 μὲν
860 1973 1036 2054 εἰσήγαγον,
1057 1973 1081 2035 οἱ
1101 1970 1129 2035 δὲ
1141 1995 1192 2036 κα-

183 2092 388 2175 τεψηφίσαντο
410 2091 459 2156 καὶ
484 2092 667 2157 ἀπέκτειναν.
691 2115 721 2176 p.
739 2091 896 2155 325130.
916 2091 1117 2154 Accusatores
1141 2089 1193 2152 So·

184 2211 276 2274 cratis
306 2210 356 2274 hic
387 2209 581 2294 appellantur
611 2209 828 2280 δυναστεύοντές
854 2235 938 2282 τινες.
985 2208 1087 2273 Verba
1108 2209 1192 2272 δυνα-
1217 2283 1220 2289 ,

184 2330 274 2405 στής,
298 2327 474 2402 δυναστεύει,
499 2329 653 2394 δυναστεία
669 2330 830 2414 praecipue
845 2336 1034 2414 usurpantur
1049 2327 1087 2392 de
1099 2328 1191 2391 unios

184 2448 232 2512 vel
254 2469 420 2532 paucorum
444 2446 666 2526 dominatione,
695 2448 779 2512 velut
800 2447 893 2511 XXX
908 2448 1042 2511 virorum
1058 2453 1190 2531 potestas

184 2575 249 2632 erat
290 2568 460 2644 δυναστεία;
499 2567 606 2631 latiore
636 2580 738 2631 tamen
768 2590 859 2630 sensu
890 2566 1069 2631 δυναστεύειν
1100 2567 1191 2630 etiam

185 2685 331 2749 dicuntur
353 2685 392 2762 ii,
421 2708 513 2770 penes
537 2708 615 2769 qnos
639 2693 685 2748 est
712 2707 839 2749 summa*
853 2692 1003 2771 potestas,
1028 2685 1060 2749 in
1084 2685 1191 2769 oligar·

184 2805 254 2869 chia
283 2805 306 2869 οἱ
337 2804 448 2883 ὀλίγον,
474 2805 506 2868 in
538 2805 721 2868 democratia
743 2805 767 2868 ol
791 2805 903 2869 πολλοὶ.
949 2803 1017 2868 Ηοο
1040 2827 1131 2868 sensu
1147 2805 1191 2868 in-

183 2924 284 3007 telligi
305 2924 356 2988 hic
378 2945 440 2987 nou
463 2931 593 3008 possunt
615 2923 833 2994 δυναστεύοντές
856 2947 944 3005 τινες,
961 2946 1016 3007 pro
1033 2945 1093 3007 quo
1111 2930 1190 2987 certe

185 3042 247 3106 dici
262 3049 439 3127 oportuerat
453 3048 509 3107 τῶν
525 3042 753 3107 δυναστευόντων
770 3040 811 3125 (h.
825 3065 850 3105 e.
867 3046 917 3106 τοῦ
934 3043 1038 3120 δήμου,
1056 3043 1109 3126 qui
1125 3051 1192 3106 tum

185 3161 364 3246 imperabat)
387 3160 471 3232 τινές.
496 3163 645 3245 Apertum
669 3168 716 3224 est
739 3160 903 3245 significari
927 3160 1064 3225 homines
1088 3167 1192 3246 poten-

186 3289 231 3344 tes
254 3280 286 3343 in
310 3280 449 3358 civitate,
474 3279 578 3364 quales
602 3287 688 3344 erant
712 3279 842 3343 Socratis
866 3287 1075 3358 accusatores,
1100 3279 1193 3343 Mele-

186 3409 253 3478 tuS,
287 3402 425 3484 Anytus,
453 3399 553 3484 Lyco,
585 3399 639 3483 qui
670 3407 737 3462 tum
764 3398 896 3463 multum
927 3398 1009 3483 apud
1042 3399 1191 3484 populum

186 3519 343 3583 valebant:
368 3520 444 3583 tales
468 3525 568 3583 autem
592 3519 729 3583 homines
753 3526 900 3582 vocantur
922 3519 1006 3596 μέγα
1026 3516 1191 3597 δυνάμενοι,

186 3661 249 3702 uon
272 3638 501 3709 δυναστεύοντες.
521 3639 544 3723 1)
590 3637 728 3714 Horum,
764 3636 856 3715 dicit,
888 3637 912 3702 οἱ
947 3637 999 3710 μὲν
1014 3637 1191 3713 εἰςήγαγον,

185 3759 209 3821 οἱ
241 3757 270 3821 δὲ
301 3756 560 3840 κατεψηφίσαντοι
592 3756 647 3820 clii
673 3763 846 3820 οοονιοασυιιο
867 3757 1027 3833 Socratem,
1052 3754 1108 3818 atta·
1131 3778 1193 3820 οοιι-

192 3937 383 3949 ——.-

221 4044 243 4104 l)
260 4044 296 4092 De
314 4043 351 4092 his
367 4041 461 4103 Frdret,
480 4045 552 4093 Acad.
570 4044 610 4092 des
628 4045 702 4095 laser.
719 4045 786 4094 Tem.
799 4044 839 4103 47,
857 4061 880 4108 p.
894 4044 942 4093 212
959 4059 993 4107 sq.
1013 4043 1145 4093 Stallbaum
1162 4044 1192 4093 ad

188 4139 250 4190 Plat.
269 4138 338 4206 Apol.
356 4155 376 4189 o.
395 4139 440 4196 10,
458 4155 483 4205 p.
500 4139 531 4188 23
548 4139 569 4189 E
586 4143 610 4188 ct
627 4139 684 4189 ibid.
703 4156 723 4188 c.
742 4141 769 4197 2,
788 4157 813 4205 p.
831 4141 862 4190 18
880 4141 909 4192 B.
