2746 4950
653 335 714 394 168

185 549 259 617 test,
283 542 355 604 istas
379 540 564 602 narrationes
588 562 603 602 e
626 539 705 602 fama
721 539 822 624 potius
838 562 926 622 quam
944 563 959 603 e
976 541 1104 604 disertis
1120 563 1184 603 auc·

183 668 284 723 torum
313 658 493 722 testimoniis
523 658 655 722 fluxisse.
707 657 871 742 Praecipue
900 665 1010 723 notatu
1038 659 1184 745 dignum,

184 778 267 862 quod
291 801 308 840 a
330 777 484 862 Diogene,
508 784 626 861 praeter
641 776 823 840 Hermodori
839 777 1050 841 testimonium
1066 777 1108 842 de
1123 800 1186 862 pro

119 882 122 889 ⁴
184 898 312 961 lectione
343 895 531 981 Megarensi,
562 895 666 959 nehus
697 895 745 960 his
771 894 809 958 de
831 895 920 960 rebus
943 896 1033 959 testis
1056 896 1185 974 citatur,

185 1036 365 1098 quamquam
398 1013 599 1097 quadraginta
628 1012 758 1097 amplius
789 1013 949 1097 scriptores
980 1013 1022 1077 ad
1049 1014 1187 1078 Platonis

184 1134 274 1198 vitam
309 1131 555 1198 conscribendam
590 1131 746 1210 adhibuit,
778 1154 908 1216 quorum
937 1132 1031 1197 multi
1064 1133 1188 1198 Platoni

91 1291 96 1302 ι
184 1275 328 1338 suppares
358 1252 491 1315 fuerunt.
537 1250 575 1314 Id
606 1251 739 1335 profecto
763 1273 797 1314 eo
820 1273 875 1314 nos
898 1249 1001 1328 ducit,
1026 1259 1064 1315 ut
1087 1252 1188 1329 creda·

182 1393 251 1435 mus
285 1370 406 1434 illorum
440 1369 591 1432 neminem
621 1368 658 1432 de
692 1367 827 1432 Platonis
857 1368 911 1432 illa
941 1371 1188 1454 peregrinatione

183 1487 323 1552 retulisse
336 1488 360 1571 1)
389 1509 514 1570 eamque
544 1485 624 1549 fama
653 1487 755 1571 potius
779 1508 869 1571 quam
892 1487 1054 1551 literarum
1076 1511 1188 1553 memo

185 1608 230 1671 ria
253 1629 315 1670 esse
339 1606 534 1690 divulgatam.

229 1727 268 1791 In
291 1727 348 1791 hoc
371 1733 473 1790 autem
496 1748 600 1790 omnes
623 1725 672 1789 isti
697 1726 857 1810 scriptores
873 1727 1081 1806 consentiunt,
1105 1727 1187 1812 quod

184 1845 342 1910 Platonem
361 1845 470 1909 itinera
484 1845 554 1921 illa,
572 1845 764 1929 quasplures
781 1867 875 1909 annos
892 1844 1072 1924 durassent,
1090 1870 1189 1911 susce-

183 1967 263 2052 pisse
286 1965 393 2029 diount
415 1963 498 2029 brevi
521 1970 590 2047 post
612 1972 739 2028 mortem
755 1963 886 2028 Socratis
901 1971 1053 2049 tempore,
1075 1973 1186 2050 atque,

184 2091 220 2148 ut
241 2082 382 2146 La'e'rtius
405 2081 507 2160 addit,
531 2088 692 2165 antequam
716 2081 849 2145 scholam
872 2065 904 2145 iii
927 2082 1095 2147 Academia
1118 2106 1187 2148 con·

184 2201 326 2264 didisset:
362 2200 420 2264 hoc
451 2206 513 2278 est,
542 2222 595 2284 per
618 2200 717 2284 ipsum
741 2199 818 2263 illud
842 2207 977 2284 tempus,
1004 2223 1060 2284 per
1084 2202 1186 2285 quod,

183 2320 351 2385 secundum
373 2319 678 2404 Epistolographum,
702 2317 789 2382 Plato
812 2319 941 2383 Athenis
964 2318 1066 2404 degit,
1083 2321 1117 2384 in
1133 2343 1186 2406 po·

182 2440 274 2504 liticis
302 2438 436 2503 consiliis
460 2445 490 2502 et
513 2437 722 2523 philosophiae
745 2437 854 2501 studiis
877 2444 1052 2523 occupatus.
1102 2437 1186 2504 Nam

183 2557 265 2643 quod
306 2556 440 2620 scholam
468 2556 587 2644 aperuit
616 2556 649 2619 in
680 2555 859 2633 Academia,
891 2555 922 2620 id
953 2563 1032 2621 certe
1067 2557 1186 2622 factum

214 2875 237 2930 lt
254 2873 321 2922 Unus
342 2873 441 2921 fortasse
456 2873 524 2921 testis
536 2872 614 2920 afferri
627 2872 703 2936 possit
718 2872 882 2936 gravissimus,
899 2871 1064 2930 Aristoxenus,
1086 2875 1110 2922 in
1129 2875 1186 2925 Vita

182 2970 302 3028 Platonis,
330 2986 342 3017 e
370 2984 417 3032 quo
443 2968 572 3018 Aristocles
597 2968 659 3032 apud
677 2967 805 3016 Eusebium
828 2967 912 3031 Praep.
934 2967 979 3015 Eu.
1003 2968 1053 3026 XV,
1083 2971 1108 3028 2,
1127 2971 1186 3020 haec

181 3066 265 3114 refert:
289 3071 311 3116 ἐν
336 3071 382 3135 γὰρ
398 3074 427 3135 τῇ
443 3068 515 3133 πλάνῃ
532 3068 569 3115 καί
586 3073 615 3134 τῇ
632 3065 750 3129 ἀποδημίᾳ
768 3067 832 3130 φησίν
848 3040 1010 3116 ἑπανίοτοιοθαι
1029 3069 1067 3116 καί
1088 3074 1186 3120 ἀντοικο-

182 3162 257 3226 δομεῑν
275 3163 335 3227 αὐτῷ
352 3168 413 3217 τινας
428 3163 555 3228 περίπατον
570 3163 642 3218 ξένους
659 3161 731 3217 ὄντας.
758 3159 803 3207 Sed
820 3159 988 3208 Aristoxenum
1005 3159 1049 3209 hae
1060 3164 1185 3231 ἀποδημίᾳ

181 3256 323 3304 intellexisse
348 3256 444 3305 tertiam
468 3255 638 3319 prosectionem
662 3256 686 3303 in
707 3254 809 3303 Siciliam
828 3255 931 3303 ostendit
947 3255 1080 3315 Aristides,
1100 3258 1143 3318 Il,
1160 3277 1186 3325 p.

182 3353 243 3408 324,
266 3351 338 3399 Dind.
363 3351 419 3400 haec
442 3339 558 3400 scribens:
582 3355 656 3420 ἕτεροι
678 3349 697 3400 δ’
707 3351 735 3402 αὖ
759 3355 824 3418 φασίν
843 3353 913 3407 ἀληθῆ
930 3353 1000 3414 λέγειν
1015 3354 1124 3418 τολτοος,
1143 3359 1184 3413 ὣς,

181 3451 219 3497 ὅτε
241 3453 281 3504 τὴν
303 3450 382 3516 τρίτην
402 3448 531 3509 ἀποδημίαν
553 3451 584 3504 είς
607 3449 703 3497 Σικελίαν
719 3447 863 3510 ἀπεδήμησε,
882 3453 934 3496 τότε
951 3459 996 3497 τῶν
1011 3451 1112 3515 ἑταίρων
1128 3455 1186 3510 τινὲς

181 3545 250 3592 αὐτοῦ
266 3546 304 3593 καλ
320 3554 362 3593 τῶν
379 3547 410 3599 είς
425 3549 457 3593 τὰ
473 3546 576 3606 μάλιστα
593 3545 736 3606 ὡμιληκότων
752 3543 916 3610 ὑπολειφθέντες
934 3546 987 3594 οἴκοι
1004 3553 1106 3611 νεώτεροι
1123 3551 1187 3612 ὲβοο·

181 3639 333 3688 λιὺσαντο...
361 3642 382 3689 οἱ
411 3639 434 3688 δὲ
459 3639 581 3706 διατριβάς
602 3658 630 3688 τι
651 3643 814 3700 ἀντισκιυάζιιν
835 3640 909 3694 αὐτοῖς
931 3641 1005 3695 ἠξίουν
1026 3642 1121 3697 πλήοιον
1144 3652 1186 3701 τῆς

181 3735 260 3782 ἐκείνου
274 3737 312 3783 καί
328 3734 452 3800 ᾠκοδόμουν
467 3736 505 3783 ίπί
521 3741 550 3801 τῇ
567 3730 698 3798 Ἀκαδημίᾳ.
732 3733 829 3795 Spectat
846 3732 890 3779 hoe
908 3732 1030 3780 manifeste
1047 3734 1075 3781 ad
1088 3737 1184 3787 Aristo·

180 3825 259 3874 telem.
293 3828 367 3891 Atqui
384 3828 437 3876 luce
455 3829 539 3877 clarius
557 3832 593 3877 est
609 3828 733 3876 Platonem
749 3827 886 3891 longinquas
898 3827 951 3875 illas
964 3828 1184 3890 peregrinationes,

177 3919 199 3967 'si
222 3923 340 3985 suscepit,
365 3923 441 3971 multo
464 3931 519 3971 ante
536 3923 665 3986 suscepisse
682 3938 752 3986 quam
775 3922 914 3970 Aristoteles
940 3919 1045 3971 Athenas
1063 3925 1184 3986 venisset,

179 4014 279 4078 ideoque
302 4017 330 4064 ad
353 4016 439 4065 itinera
458 4017 482 4066 in
501 4019 646 4082 Aegyptum,
664 4021 708 4065 cet.
726 4017 783 4066 haec
800 4016 935 4066 Aristoxeni
954 4018 1022 4066 verba
1039 4019 1125 4069 reterri
1144 4039 1185 4071 ne-

180 4113 278 4174 queunt.
311 4113 443 4161 Aristoxeni
462 4114 528 4163 locus
546 4115 607 4178 fugit
624 4113 761 4174 Stabrium,
779 4113 880 4162 Aristot.
898 4115 918 4163 I.
937 4130 959 4178 p.
980 4115 1019 4164 52.
