2746 4950
653 371 714 430 169

184 583 288 645 stetim
315 589 369 644 aut
391 576 473 643 brevi
490 584 559 661 post
573 575 707 640 reditum
723 575 851 658 aprime
867 573 974 637 itinere
990 573 1022 634 in
1037 571 1179 635 Siciliam.

183 698 268 763 Haec
298 720 367 761 vero
392 694 540 760 eiusmodi
563 716 627 758 esse
649 699 685 757 ut
707 691 860 756 conciliari
882 696 1049 774 nequeant,
1074 696 1181 774 sponte

184 823 277 902 patet.
322 814 392 879 Jam
422 813 460 877 de
483 812 611 898 singulis
634 811 793 910 itineribus
816 810 993 896 singulatim
1016 807 1180 873 videamus.

228 1051 307 1117 Iter
328 1052 518 1136 Megaram.
538 1049 644 1115 Huius
658 1048 775 1114 itineris
790 1023 959 1133 Diogenes,
972 1053 1182 1133 praeterquam

184 1171 251 1235 loco
274 1192 366 1257 supra
387 1169 527 1247 laudato,
555 1170 666 1234 iterum
677 1168 860 1233 mentionem
875 1166 948 1230 lacit
962 1167 995 1230 in
1010 1165 1072 1229 vita
1083 1163 1185 1228 Eucli-

185 1288 250 1368 dis,
277 1288 329 1366 Π,
357 1289 374 1374 q
407 1289 485 1351 106:
514 1287 581 1369 πρὸς
603 1287 703 1352 τοῦτόν
726 1285 908 1371 (Euclidem)
938 1291 1027 1366 φασιν
1049 1284 1062 1349 ὃ
1085 1284 1183 1364 Ἑρμο-

184 1407 266 1487 δῶρνς
287 1406 441 1486 νἰφναέσθαν
464 1405 611 1470 Πλάτωνα
634 1404 683 1469 καὶ
701 1405 767 1476 τοὺς
782 1403 896 1476 toleror
911 1401 1088 1487 Φιλοτόφανς
1104 1400 1183 1477 μετὰ

178 1526 237 1600 Ιτὶνν
259 1523 427 1605 Σακρατννς
446 1523 599 1606 τελευτὴν,
620 1521 772 1594 δείσαντας
789 1523 840 1596 τὴν
859 1520 997 1597 ὠμότητα
1011 1525 1067 1585 τῶν
1085 1517 1184 1599 τνραν-

184 1668 246 1709 νων.
292 1642 376 1706 Haee
399 1642 463 1706 sole
485 1648 558 1706 sunt
579 1640 765 1719 testimonia,
791 1661 869 1724 quae
891 1638 929 1703 de
951 1637 1123 1723 Megarensi
1137 1636 1184 1701 iti·

185 1785 257 1826 ncre
280 1768 397 1826 exstent
404 1788 413 1840 3
436 1783 508 1825 nem
531 1782 608 1844 quae
631 1759 791 1844 Menagius
811 1760 927 1823 confert
944 1758 1067 1823 Libenii
1087 1764 1118 1822 et
1136 1757 1181 1821 Io.

187 1879 396 1966 Ohrysostomi
404 1929 413 1958 ,
438 1902 475 1944 ex
498 1879 603 1944 eodem
618 1887 697 1943 certe
712 1880 795 1943 fonte
811 1886 883 1942 sunt
898 1878 1049 1955 derivate,
1058 1883 1094 1941 ut
1106 1875 1184 1962 judi·

186 2007 236 2064 cat
266 1999 459 2064 Hermannus
491 1997 581 2082 (Plat.
605 1996 684 2063 Phil.
708 2020 738 2083 p.
765 1999 845 2074 106,
869 2003 933 2062 not.
958 1998 1021 2082 ot).
1067 1996 1185 2060 Auctor

184 2117 365 2183 narrationis
387 2139 406 2180 a
427 2117 563 2201 Diogene
586 2116 699 2182 citetur
724 2115 949 2194 Hermodorus,
973 2116 1025 2180 ille
1040 2115 1183 2179 nimirum

152 2261 154 2271 ’
187 2259 278 2320 quem
304 2234 440 2299 Platonis
463 2235 648 2319 discipulum
669 2234 762 2299 fuisse
785 2235 962 2319 accepimus.
1000 2232 1085 2297 Num
1102 2232 1185 2296 locu·

185 2355 344 2441 pletiorem
361 2337 483 2419 'testem
512 2351 723 2438 requiramus?
768 2355 912 2417 Attamen
938 2352 1011 2416 fides
1035 2353 1099 2416 eius
1122 2375 1183 2416 non

185 2496 294 2562 parum
313 2473 465 2539 debilitari
484 2474 605 2538 videtur
627 2473 738 2537 additis
753 2473 868 2538 verbis:
885 2472 1036 2545 deterrerer
1051 2475 1102 2548 τὴν
1114 2471 1185 2551 ὠμό-

183 2617 262 2668 τητα
285 2599 339 2658 τῶν
362 2591 509 2673 τνρνὶννων.
556 2591 635 2673 Quis
658 2593 738 2657 enim
754 2593 865 2670 nescit,
882 2592 1034 2657 Socratem
1049 2615 1111 2657 non
1126 2592 1183 2657 sub

184 2711 277 2776 XXX
297 2719 495 2798 tyrannorum
514 2711 689 2790 dominatu,
713 2711 765 2774 sed
782 2719 913 2794 quatuor
929 2712 1014 2775 annis
1030 2719 1099 2796 post
1114 2711 1183 2786 illos

184 2829 326 2915 expulsos
360 2829 536 2894 damnatum
567 2828 654 2894 esse?
686 2829 718 2893 Si
741 2829 923 2894 Hermodori
938 2837 1023 2894 tante
1037 2830 1097 2893 fuit
1111 2838 1185 2894 tem·

183 2971 293 3035 porum
315 2950 501 3033 ignorantia,
525 2973 564 3014 ne
586 2951 739 3033 reliquum
755 2950 879 3034 quidem
894 2951 959 3014 eius
975 2950 1182 3014 testimonium
1225 2948 1228 2952 “

183 3067 286 3151 magni
312 3067 453 3152 ponderis
482 3076 584 3153 potest
616 3068 730 3133 haberi.
776 3067 942 3154 Ueberweg
970 3069 1013 3153 (ll.
1045 3093 1075 3154 p.
1109 3069 1184 3151 118)

184 3185 394 3250 difficultatem
427 3187 470 3250 ita
499 3187 606 3251 tollere
638 3198 780 3265 conatur,
813 3187 932 3265 dicens,
959 3186 1184 3252 Hermodorum

181 3305 321 3384 τνρανναν
345 3304 548 3390 appellatione
570 3307 752 3390 significasse
771 3329 832 3371 non
847 3308 912 3379 τοὺς
925 3306 1076 3385 τριάκοντα
1086 3305 1185 3387 τνραν-

181 3447 243 3496 νννς
251 3473 260 3502 ,
277 3424 390 3508 quippe
409 3424 462 3507 qui
481 3431 585 3508 postea
601 3424 722 3488 demum
739 3425 796 3488 hoc
811 3425 933 3488 nomine
949 3424 1088 3508 insigniti
1103 3424 1182 3501 sint,

172 3542 236 3606 -sed
248 3542 440 3626 demagogos,
458 3543 637 3607 crudelitate
653 3551 682 3607 et
698 3545 834 3628 potentia
848 3552 1046 3627 tyrannorum
1061 3543 1182 3607 similes.

182 3662 225 3725 At
256 3661 307 3724 isti
337 3683 505 3745 numquam
536 3663 662 3747 τύραννα
694 3662 793 3726 vocati
816 3673 903 3741 sunt,
932 3662 1059 3746 triginta
1082 3669 1184 3726 autem

182 3779 240 3841 viri
266 3779 330 3863 jam
359 3779 396 3843 eh
420 3780 583 3844 Aristotele
605 3782 629 3845 oi
652 3780 805 3861 τρννίκαντα
827 3781 952 3862 τύραννα
975 3781 1183 3865 appellantur,

182 3898 271 3962 Rhet.
296 3898 346 3976 H,
371 3902 401 3962 4.
426 3890 535 3983 Itaque
559 3900 613 3964 tali
636 3901 883 3985 interpretatione
901 3900 1083 3966 Hermodori
1102 3887 1184 3962 testi-

181 4017 320 4082 monium
344 4041 452 4103 parum
471 4020 607 4104 juvetur.
644 4020 710 4105 Ego
731 4043 810 4090 vero
824 4021 1003 4105 persuadere
1026 4020 1102 4102 mihi
1122 4042 1184 4083 non
1257 4106 1258 4110 Ἰ

182 4159 322 4225 possum,
339 4137 438 4218 hunc,
462 4138 488 4201 si
510 4138 582 4218 fuit,
608 4147 644 4204 ut
666 4141 810 4219 habetur,
829 4139 965 4205 Platonis
981 4139 1132 4225 aequalis,
1148 4139 1181 4204 in
1292 4145 1296 4159 ¹
