2746 4950
601 341 712 408 ,32

189 545 300 610 iterum
324 554 514 610 transvectus
539 554 584 610 est
605 547 638 609 in
659 546 809 624 Siciliam,
824 569 946 631 sperans
962 547 1026 611 fore
1041 555 1079 611 ut
1093 571 1200 633 regem

185 667 328 750 juvenem
353 688 447 750 aeque
477 665 564 729 facile
587 688 622 728 ac
644 666 775 729 Dionem
799 666 973 730 incenderet
990 669 1128 750 ἐπιθυμίᾳ
1144 678 1198 744 τῆς

187 783 350 864 φιλοσόφου
373 783 461 866 ζωῆς,
482 792 577 866 utque
597 784 689 847 huius
706 806 762 868 ope
777 783 989 869 philosophiae
1004 786 1097 870 vulgo
1114 809 1199 870 spre-

187 910 236 966 tae
259 925 332 966 suus
354 903 530 968 redderetur
545 902 651 966 honos.
686 902 745 966 Sed
761 926 845 988 spem
861 903 969 967 fefellit
988 912 1124 968 eventus
1153 907 1197 970 Ut

188 1022 271 1113 venit
294 1021 473 1106 Syracusas,
498 1043 567 1085 mox
591 1029 737 1105 uterque,
761 1022 849 1086 Plato
871 1029 901 1085 et
916 1023 995 1101 Dio,
1012 1046 1065 1108 per
1081 1024 1198 1088 calum-

187 1142 319 1205 niatores
354 1142 385 1205 in
424 1141 626 1226 suspicionem
655 1148 685 1204 et
715 1141 860 1205 invidiam
889 1143 1014 1226 tyranni¹
1038 1151 1111 1206 sunt
1144 1145 1198 1207 ad-

177 1258 274 1324 'ducti
285 1287 294 1338 3
318 1260 378 1323 Dio
401 1261 434 1324 in
457 1259 596 1324 exsilium
619 1261 730 1323 missus
754 1267 799 1324 est
806 1288 815 1339 3
833 1261 898 1345 ipse
913 1260 1078 1325 honorifica
1094 1264 1197 1347 specie

187 1380 219 1442 in
243 1379 313 1443 aula
335 1387 473 1442 retentus
496 1387 643 1462 tanquam
666 1380 817 1463 captivus,
850 1379 962 1443 frustra
984 1380 1133 1443 laboravit
1159 1389 1197 1444 ut

185 1507 348 1582 tyrannum
371 1497 410 1560 ad
432 1497 587 1561 meliorem
609 1505 741 1561 mentem
763 1497 929 1561 reduceret.

230 1617 313 1680 Haec
351 1639 429 1700 quae
467 1617 571 1700 paucis
611 1617 736 1701 exposui
769 1619 802 1680 in
840 1617 969 1702 epistola
1006 1617 1123 1701 prolixe
1163 1629 1196 1682 et

184 1736 306 1799 verbose
338 1744 526 1799 enarrantur.
574 1734 797 1799 Commemorat
827 1758 888 1799 non
911 1744 1048 1812 tantum,
1077 1736 1194 1818 quibus

184 1856 370 1939 argumentis
411 1855 583 1938 quibusque
616 1854 712 1918 verbis
746 1854 806 1917 Dio
837 1855 874 1918 ad
906 1855 1123 1939 profectionem
1159 1857 1193 1919 in

184 1974 318 2037 Siciliam
349 1997 380 2036 se
410 1972 565 2057 impellere
596 1973 766 2051 studuerit,
799 1981 828 2037 et
856 1996 932 2056 quae
963 1974 1027 2057 ipse
1059 1973 1192 2056 singulis

184 2091 267 2156 illius
307 2092 493 2176 argumentis
528 2091 732 2175 responderit,
772 2091 826 2154 sed
860 2091 898 2153 ad
931 2092 975 2154 rei
1009 2092 1191 2176 gravitatem

183 2210 352 2295 augendam
381 2211 469 2294 fingit
499 2209 630 2272 Dionem
665 2210 767 2293 ipsum
801 2231 901 2272 coram
936 2232 967 2272 se
994 2218 1130 2272 orantem
1158 2219 1191 2273 et

183 2330 392 2415 philosophiae
422 2328 544 2391 nomine
575 2351 606 2390 se
637 2327 856 2405 obtestantem,
891 2350 930 2390 ne
960 2334 1023 2390 tam
1049 2327 1190 2411 pulcram

182 2449 368 2512 occasionem
398 2447 608 2532 philosophiae
635 2416 839 2510 liorresdandae
870 2445 1047 2510 dimitteret.
1099 2445 1190 2525 Quae

181 2569 282 2630 omnia
316 2568 360 2631 ita
390 2567 558 2652 composita
588 2574 677 2642 sunt,
710 2575 745 2628 ut
773 2566 906 2628 fucatam
929 2564 1058 2629 rhetoris
1081 2565 1190 2629 dictio-

180 2708 249 2750 nem
272 2685 430 2749 manifeste
453 2707 524 2769 prae
547 2708 578 2747 se
601 2685 712 2747 ferant.

226 2805 285 2868 Hic
321 2811 421 2868 'autem
446 2804 608 2889 derepente
629 2803 832 2866 narrationem
857 2802 1019 2886 abrumpit.
1059 2801 1185 2882 „Quam

182 2924 220 2988 ob
244 2946 382 3001 causam,
406 2923 523 3006 inquit,
544 2922 648 2985 relicta
672 2921 791 2998 Sicilia,
816 2931 920 3007 postea
943 2921 1032 2984 tertio
1055 2921 1187 2985 illucue

180 3042 304 3119 dietim,
329 3041 360 3104 id
384 3042 530 3117 narrabo,
548 3041 573 3103 si
587 3041 671 3125 prius
688 3040 849 3103 consilium
866 3039 951 3103 vobis
963 3039 1090 3116 dedero,
1109 3041 1185 3123 quid

179 3161 211 3224 in
241 3131 392 3245 praesenti
423 3182 523 3223 rerum
555 3167 637 3222 statu
661 3158 833 3222 faciendum
857 3159 913 3236 sit,
937 3182 974 3222 ne
1001 3159 1128 3222 forsitan
1152 3159 1184 3222 id

178 3279 261 3363 quod
284 3279 364 3358 ἔργον
392 3287 437 3341 est
460 3278 540 3340 sicut
568 3275 708 3357 πάρεργον
732 3284 860 3341 tractare
882 3277 996 3355 videar,
1014 3300 1043 3361 p.
1061 3278 1124 3340 330
1139 3277 1182 3340 C:

179 3395 215 3462 ὧν
241 3398 270 3461 δὲ
300 3396 383 3461 ἕνεκα
413 3396 462 3460 acl
490 3394 544 3460 ὃίιι
574 3393 709 3475 repara,
735 3396 802 3473 ὑμῖν
825 3401 931 3476 πρῶτον
956 3394 1181 3473 §audomarim

23 3563 26 3566 -
106 3591 108 3596 ,
178 3514 199 3581 ἃ
228 3518 287 3596 χρὴ
317 3523 506 3589 ποιεῖν....,
532 3512 645 3595 ὕστερον
675 3513 716 3579 τὰ
746 3515 807 3594 περὶ
838 3520 937 3578 rubra
951 3565 957 3578 .
1050 3511 1181 3590 διέξειμι,

177 3633 224 3700 ta
246 3638 288 3714 μὴ
310 3635 350 3700 cd
374 3634 508 3714 ιιιὲρεργιι
530 3636 566 3706 ὡς
588 3632 662 3711 ipra
686 3633 734 3710 μοι
757 3632 905 3714 ξυμβαίνῃ
928 3633 1086 3710 λεγόμενα.
1111 3631 1182 3696 Seu·

178 3757 217 3819 sit
258 3756 323 3839 ipse
362 3754 505 3838 scriptor,
541 3751 624 3834 quod
659 3759 810 3815 attentum
848 3752 991 3815 lectorem
1029 3753 1180 3815 neminem

176 3874 290 3957 fugiat,
323 3894 400 3955 quae
428 3871 574 3934 hactenus
598 3870 731 3933 narravit
754 3892 788 3932 ea
811 3869 849 3932 ad
872 3893 936 3933 rem
959 3892 1050 3953 quam
1073 3877 1181 3933 tracta·

175 4001 264 4056 turus
288 3999 334 4054 est
356 4013 463 4075 parum
479 3989 637 4074 pertinere.
673 3987 757 4067 Quid
782 3987 882 4051 enim?
916 3988 1011 4051 Initio
1034 3989 1179 4073 epistolae

177 4111 254 4174 dixit
285 4133 316 4173 se
348 4110 479 4194 primum
510 4096 737 4191 expositurum,
770 4108 851 4171 unde
881 4108 975 4171 Dioni
1006 4115 1077 4170 nata
1100 4116 1179 4171 esset
