2746 4950
804 310 866 371 206

330 509 415 585 λόγον
425 557 432 571 .
443 559 468 573 ..
486 506 564 584 ἄξιον
575 512 729 586 σπουδῆς
745 515 907 595 γεγονέναι,
925 538 993 580 cum
1004 516 1169 601 frequente
1183 542 1246 583 usu
1257 542 1335 585 voca·

331 625 395 691 buli
417 628 566 699 σπουδκῖος
589 628 622 691 in
644 627 799 713 Epistolae
823 631 888 696 loco
911 633 1010 697 allato.
1057 634 1145 699 Haec
1172 637 1249 719 talia¹
1267 647 1335 702 suut

329 754 364 810 ut
387 744 500 829 puerile
522 745 660 810 imitandi
684 748 820 812 studium
844 751 980 835 prodant.

371 862 402 926 Si
432 864 610 927 seutentiam
642 873 778 948 spoewe,
811 878 934 952 apparet
956 868 1256 956 Epistolographum
1280 875 1331 938 hoc

327 981 454 1046 Phaedri
483 981 549 1046 loco
572 983 615 1046 ita
638 1005 725 1048 usum
750 1008 830 1062 esse,
856 995 890 1049 ut
913 1009 989 1071 quae
1012 987 1054 1052 ibi
1078 987 1204 1054 Socrati
1229 992 1331 1056 tribuit

329 1100 429 1178 Plato,
453 1123 488 1165 ec
510 1102 541 1165 in
565 1103 664 1186 ipsum
688 1102 846 1167 Platonem
870 1106 1045 1184 transferat,
1071 1109 1158 1192 quod
1177 1133 1277 1194 aeque
1291 1113 1330 1174 in·

325 1242 490 1305 congruum
521 1229 551 1284 et
573 1221 720 1286 absonum
744 1234 788 1286 est
818 1246 852 1287 ec
876 1225 918 1302 si,
948 1247 1026 1309 quse
1054 1227 1088 1290 in
1112 1229 1274 1314 Apologia
1295 1230 1329 1293 de

324 1363 379 1405 sus
400 1339 556 1403 hominum
581 1341 776 1424 percontandi
791 1343 908 1407 ratione
924 1342 1061 1408 Socrates
1078 1344 1226 1426 disserit,
1251 1371 1285 1411 ea
1299 1349 1326 1411 in

324 1461 478 1524 Platonem
508 1460 749 1523 transferrentur.
797 1460 885 1526 Plato
908 1463 946 1526 iis
974 1485 1052 1547 quae
1075 1464 1237 1531 dicentem
1260 1469 1325 1543 facit

321 1580 470 1644 Socratem
490 1580 650 1664 praecipue
666 1578 696 1642 id
713 1581 873 1663 spectavit,
898 1592 933 1645 nt
948 1584 1096 1647 rationem
1113 1585 1261 1650 redderet
1276 1610 1326 1651 cur

318 1700 367 1764 ille
397 1699 528 1782 cogitata
550 1720 605 1761 sna
627 1719 703 1774 non,
728 1708 762 1762 nt
784 1698 919 1763 rhetores
950 1711 980 1764 et
1003 1702 1177 1786 sophistae,
1206 1708 1324 1791 scriptis

318 1817 499 1883 orationibus
523 1817 706 1900 exposuerit,
731 1816 782 1880 sed
807 1819 1015 1898 sermonibus3
1040 1829 1106 1884 tum
1134 1825 1323 1889 veroeadem

315 1939 429 2002 ratione
452 1936 608 2020 explicuit,
634 1958 723 2018 quam
747 1935 785 1999 ob
806 1959 927 2001 causam
942 1940 1021 2023 ipse,
1046 1941 1154 2003 relicta
1173 1945 1323 2027 sophista·

315 2080 380 2123 rum
404 2055 568 2119 disserendi
592 2064 621 2118 et
644 2054 831 2118 declamandi
855 2056 1092 2135 consuetudine,
1117 2081 1184 2123 non
1201 2062 1321 2138 λόγους,

313 2177 364 2240 sed
380 2176 417 2239 ad
434 2175 569 2258 magistri
585 2174 754 2257 exemplum
771 2175 923 2251 διαλόγους
940 2177 1164 2259 composuerit,
1194 2178 1320 2241 eandem

311 2298 341 2360 in
368 2292 524 2357 scribendo
547 2293 692 2355 rationem
715 2301 836 2355 secutus
860 2314 951 2376 quarn
974 2294 1006 2356 in
1030 2293 1213 2358 disserendo
1239 2319 1320 2380 prae·

309 2416 402 2478 iverat
424 2413 569 2475 Socrates.
586 2413 607 2494 ¹)
637 2410 751 2474 Verum
775 2411 892 2496 opinari
908 2411 1082 2489 Platonem,
1109 2435 1190 2497 quae
1208 2416 1241 2478 in
1259 2415 1319 2479 dia·

310 2533 385 2615 logis
415 2531 569 2607 tractavit,
601 2551 677 2613 quae
708 2529 745 2592 de
775 2551 862 2607 vero,
895 2529 1020 2616 pulcro,
1046 2533 1148 2616 juste,
1174 2554 1259 2616 quae
1282 2533 1317 2597 de

310 2651 444 2726 civitate,
476 2648 513 2711 de
543 2655 667 2725 natura,
698 2647 734 2710 de
765 2647 907 2725 scientia,
939 2647 976 2710 de
1003 2647 1240 2715 immortalitate
1263 2651 1319 2714 dis

312 2769 421 2845 seruit,
452 2789 513 2831 non
543 2767 602 2830 nisi
632 2767 696 2829 ludi
728 2788 818 2829 causa
847 2767 1020 2850 scripsisse,
1051 2789 1151 2850 neque
1184 2767 1237 2832 his
1265 2793 1319 2834 sua

311 2888 442 2971 cogitate
471 2886 509 2949 de
540 2885 720 2970 gravissimis
744 2884 954 2970 philosophiae
978 2885 1214 2969 quaestionibus
1240 2911 1318 2953 conr·

311 3007 433 3092 plexum
464 3028 542 3081 esse,
576 3013 620 3067 est
643 3005 773 3068 hominis
795 3027 903 3088 parum
927 3005 1008 3068 acuti
1032 3005 1079 3068 vel
1101 3007 1210 3089 potius
1236 3031 1319 3093 prae·

308 3124 445 3211 judicata
466 3124 607 3207 opinione
629 3122 756 3207 decepti.

357 3361 407 3425 Ad
429 3360 558 3423 alterum
578 3361 681 3423 venio:
705 3359 863 3422 Platonem
879 3359 994 3423 scilicet
1010 3360 1244 3446 philosophiam
1260 3388 1320 3430 non

312 3479 525 3564 evulgandam,
551 3478 603 3541 sed
626 3478 837 3542 occultandam
861 3478 1050 3543 multitudini
1072 3487 1217 3566 putasse,
1237 3486 1320 3570 quod

344 3727 366 3785 1)
384 3727 510 3788 Eleganter
527 3722 661 3787 etcopiose
678 3721 786 3771 Platonis
803 3722 946 3772 sententiam
963 3723 1065 3787 explicet
1083 3739 1127 3773 ven
1140 3725 1259 3788 Recede,
1272 3730 1319 3778 lni-

308 3826 340 3872 tia
364 3822 421 3885 phil.
446 3820 541 3868 Platon.
567 3820 604 3878 ll,
626 3819 654 3868 P.
681 3820 708 3875 l,
733 3834 757 3882 p.
778 3817 825 3865 120
843 3833 894 3882 sqq.
921 3819 966 3867 llic
985 3825 1011 3868 ut
1028 3819 1150 3883 Epistolae
1169 3825 1246 3873 verba
1265 3843 1318 3876 oum

308 3917 414 3966 Platonis
433 3916 540 3963 Phaedro
559 3915 682 3972 conciliet,
700 3929 727 3961 es
744 3913 915 3977 interpretatur
932 3914 957 3961 iu
969 3914 1182 3965 hauosentcntiam
1198 3922 1234 3982 (p.
1250 3921 1318 3982 127);

310 4012 428 4077 Epistulae
449 4012 601 4075 scriptorem,
620 4026 693 4073 quum
711 4009 834 4057 Platonem
852 4008 972 4072 scripsisse
991 4019 1076 4073 negat,
1095 4011 1139 4059 hoc
1158 4019 1259 4066 tantum
1278 4034 1317 4068 vo-

310 4110 393 4165 luisse,
414 4107 481 4155 illum
502 4122 548 4155 uon
567 4105 726 4169 sophistarum
744 4110 768 4152 et
786 4104 907 4153 rhetorum
925 4120 990 4152 more
1006 4109 1082 4170 λόγως
1099 4108 1233 4171 scripsisse.
