2746 4950
660 325 700 387 14

178 532 323 618 epistolae
346 540 466 598 tautum
490 532 616 618 probat,
642 532 818 616 scriptorem
842 532 896 616 qui
919 555 985 597 eam
1012 533 1189 618 composuit

177 653 280 736 inepte
310 662 341 715 et
370 653 477 716 inscite
507 652 645 715 finxisse:
678 673 771 735 quare
801 651 1009 716 restituendus
1033 659 1079 716 est
1102 652 1188 717 codi-

177 793 246 834 cum
270 770 393 834 titulus:
418 769 544 837 Πλάτων
567 767 702 850 Διονυσίῳ
723 766 756 834 εὖ
778 770 925 850 πράττειν.
940 770 964 855 ¹)

222 887 295 952 Non
317 889 428 953 maiore
450 889 516 952 iure
539 887 647 951 Diouis
668 909 780 952 nomen
803 909 857 972 pro
877 887 1005 952 Platone
1024 888 1188 953 substituit

177 1006 301 1071 licinus
331 1007 363 1072 in
387 1005 443 1092 Ep.
468 1005 513 1084 V,
538 1027 628 1090 quem
657 1014 759 1071 tamen
781 1005 885 1091 plures
908 1007 1004 1072 secuti
1028 1013 1116 1086 sunt,
1141 1030 1188 1071 rc·
1224 1053 1230 1061 -

177 1125 379 1191 clamantibus
409 1125 564 1190 codicibus
592 1133 622 1189 et
644 1125 709 1189 sine
731 1126 865 1189 ratione:
890 1148 960 1189 uam
985 1125 1068 1210 quod
1095 1126 1187 1192 Plato

177 1245 221 1309 ibi
244 1245 282 1309 de
305 1267 336 1308 se
351 1246 418 1329 ipso
433 1245 466 1309 in
481 1244 571 1308 tertia
589 1247 637 1329 (ut
652 1243 750 1327 aiunt)
766 1265 895 1329 persona
909 1244 1058 1328 loquitur,
1083 1244 1135 1324 id,
1159 1246 1186 1309 si

178 1363 340 1427 verborum
363 1362 499 1427 ordinem
523 1370 553 1425 et
576 1363 682 1426 seriem
706 1369 838 1446 spectas,
863 1384 898 1426 eo
914 1362 981 1426 loco
996 1362 1076 1428 nihil
1091 1363 1186 1428 babet
1252 1393 1254 1396 ’

179 1482 363 1546 offensionis.
409 1481 567 1553 Praeterea
598 1489 644 1545 est
674 1480 827 1545 Ciceronis
858 1480 944 1545 locus
976 1481 1008 1545 in
1038 1480 1116 1566 Epp.
1146 1482 1185 1545 ad

179 1602 249 1665 Div.
274 1601 307 1678 I,
332 1605 350 1664 9
374 1603 391 1686 b
417 1603 473 1678 18,
498 1601 551 1665 ubi
575 1601 649 1664 hacc
672 1600 801 1685 epistola
823 1608 860 1664 ut
882 1600 1043 1665 aPlatone
1071 1601 1186 1686 scripta

180 1720 266 1783 citari
297 1719 427 1782 videtur.

224 1838 365 1921 Denique
395 1845 468 1900 suut
495 1835 606 1920 quibus
634 1834 773 1920 Epistola
803 1835 900 1915 VIII,
924 1836 963 1900 ad
986 1836 1094 1901 Diouis
1117 1860 1187 1921 pro·

179 1958 310 2043 pinquos
340 1957 449 2033 missa,
481 1978 551 2041 pars
579 1978 643 2018 esse
667 1953 755 2018 VH⁸²
785 1962 816 2019 et
838 1954 911 2019 huic
933 1955 1122 2020 annectenda
1144 1956 1187 2019 vi-

179 2077 282 2140 detur:
304 2098 396 2160 quam
419 2075 591 2159 opinionem
611 2073 718 2137 falsam
734 2097 798 2137 esse
813 2074 892 2138 infra
906 2074 1078 2152 ostendam3
1102 2097 1187 2138 nunc

180 2195 424 2259 animadvertisse
455 2193 585 2257 sufficiat
614 2193 645 2256 id
677 2215 845 2277 repugnare
867 2191 1018 2278 Thrasylli
1041 2193 1186 2270 notitiae,

178 2314 345 2381 secundum
370 2335 460 2398 quem
483 2335 545 2376 non
568 2335 644 2390 una,
669 2312 722 2375 sed
745 2311 824 2376 duae
839 2312 923 2375 fuere
944 2311 1098 2396 Epistolae
1117 2313 1186 2388 πρὸς

178 2437 244 2507 τοὺς
268 2435 372 2506 Δίωνος
395 2432 517 2504 οἰκείους.

223 2552 270 2615 le
299 2552 347 2615 his
378 2551 473 2635 igitur
504 2549 580 2613 effici
609 2556 723 2633 potest,
755 2547 909 2634 Epistolas
932 2572 1010 2633 quae
1032 2549 1186 2633 hodieque

178 2670 316 2734 Platonis
344 2669 465 2732 nomine
495 2674 615 2731 exstant
645 2667 764 2731 easdem
796 2691 860 2731 csse
888 2690 963 2751 quas
986 2669 1071 2731 novit
1092 2666 1188 2730 'lbra-

179 2790 292 2875 syllus,
316 2787 430 2852 Tiberii
452 2787 587 2871 aequalis
599 2787 641 2871 2);
666 2793 779 2850 ceteras
803 2809 880 2870 quae
902 2759 1040 2850 Platonis
1063 2786 1186 2850 nomine

178 2910 340 2994 inscriptae
372 2909 403 2973 in
434 2907 656 2972 Socraticorum
686 2905 833 2992 Epistolis
856 2906 1013 2984 feruntur,
1037 2905 1082 2968 illi
1105 2905 1187 2968 inco

179 3030 280 3113 gnitas
303 3028 405 3091 fuisse.
453 3025 543 3091 Unde
566 3033 692 3111 apparet
715 3047 812 3089 errare
835 3046 885 3088 eos
909 3025 963 3108 qui
982 3024 1090 3089 harum
1106 3024 1185 3109 Epp.

178 3145 342 3212 nonnullas
373 3168 390 3208 a
413 3143 588 3231 Christiano
611 3144 733 3208 homine
756 3143 899 3207 confictas
923 3165 987 3207 esse
1010 3144 1185 3228 opinantur.

213 3361 238 3422 1)
256 3359 291 3408 uo
314 3358 405 3407 corruit
429 3358 543 3407 Roeolrbii
561 3358 642 3422 opinio
660 3357 686 3405 iu
703 3356 797 3407 Platon.
815 3357 876 3406 Min.
894 3373 908 3421 p
925 3356 971 3414 43,
994 3355 1034 3420 qui
1052 3354 1122 3418 bnjus
1140 3354 1187 3418 epi·

179 3454 255 3503 stolae
272 3454 324 3503 loco
340 3453 488 3503 inserendam
506 3452 605 3518 putabat
621 3468 692 3501 unam
710 3468 723 3500 e
741 3451 882 3509 Socraticis,
901 3449 987 3500 XXIV.
1014 3450 1076 3499 Item
1088 3450 1185 3499 illorum

180 3551 220 3614 qui
250 3549 383 3614 Epistolam
411 3549 469 3598 Xlll
489 3541 525 3597 'ad
552 3547 689 3612 Dionysium
714 3547 738 3596 io
765 3547 823 3596 dues
849 3545 962 3610 epistolas
986 3545 1076 3595 vellent
1099 3545 1184 3605 dividi,

162 3651 207 3694 *ut
224 3645 312 3709 placuit
331 3644 498 3708 Wesacliogio,
515 3643 701 3702 Terinamanuo‚
721 3643 789 3692 Astio
807 3646 840 3707 (p.
861 3641 909 3691 529
923 3643 976 3706 sq.).
1011 3644 1184 3706 Argumentum

179 3757 226 3805 qno
249 3741 334 3790 horum
353 3740 433 3805 opinio
451 3740 550 3798 nititur,
575 3738 638 3803 quod
656 3755 739 3802 nempe
756 3739 898 3789 Plutarchus
916 3739 940 3787 in
958 3741 1063 3786 extrema
1080 3737 1185 3801 Epistola

179 3836 267 3900 scripta
284 3851 334 3885 esse
351 3840 467 3885 memorat
482 3850 542 3899 quae
558 3851 622 3884 nnuc
638 3835 663 3883 in
681 3835 758 3884 media
773 3834 898 3900 leguntur,
915 3833 939 3883 id
956 3837 1025 3883 acuta
1041 3832 1113 3882 diluit
1122 3833 1183 3882 Her·

180 3948 266 3990 mano,
283 3929 337 3980 libr.
355 3930 418 3980 laud.
435 3946 458 3993 p.
478 3927 535 3979 591.
552 3935 602 3979 not.
619 3930 676 3979 214.

211 4025 236 4088 2)
253 4026 289 4074 Dc
307 4026 351 4075 hoc
364 4024 410 4075 vid.
426 4024 537 4083 Jonsius,
554 4025 589 4073 Dc
607 4023 688 4087 script.
705 4023 760 4072 hist.
779 4022 836 4088 phil.
848 4022 904 4081 lll,
920 4039 941 4072 c.
955 4022 984 4081 8,
1003 4023 1047 4080 la;
1065 4022 1183 4086 imprimis

180 4138 236 4171 vcro
254 4122 366 4180 Stckow,
384 4121 428 4169 Dic
446 4120 505 4170 wisa.
524 4136 547 4169 u.
564 4120 654 4169 kriustl.
672 4120 743 4168 dorm
760 4119 802 4168 dcr
819 4118 881 4168 Plat.
899 4118 966 4168 Scbr.
984 4133 1007 4183 p.
1027 4117 1168 4171 let-175.
