2746 4950
657 331 718 391 221
818 327 820 329 ’

179 541 342 620 voluisset,
367 541 536 626 scripsisset
559 539 683 616 saltem,
707 539 831 624 opinor:
844 537 974 619 καθάπερ
985 541 1014 604 ἕν
1026 545 1092 610 ταῖς
1103 535 1185 604 Πλά-

179 687 263 734 σωισς
276 661 447 742 διαιρέσεσιν.
473 660 551 724 Cum
564 659 622 723 hoc
634 659 791 744 congruit,
804 659 887 742 quod
898 658 979 743 fugit
990 656 1183 722 Brundisium

181 789 211 845 et
223 781 425 858 Suckoviam,
439 779 521 864 quod
533 780 766 842 commentarius
779 777 885 842 eodem
895 777 988 841 titulo
1000 785 1035 840 ut
1048 776 1185 840 Platonis

181 902 294 964 citatur
316 900 349 964 in
372 899 450 963 Plat.
467 898 565 984 Epist.
579 896 679 976 XIII,
692 919 722 982 p.
736 899 799 960 360
813 897 856 960 B:
869 903 926 962 σῶν
942 922 976 961 σε
990 897 1187 976 Πυθαγορείων

182 1019 289 1096 πέμπω
312 1044 354 1083 σσι
376 1042 425 1083 και
440 1023 505 1083 τῶν
532 1017 748 1097 διαιρέσεωιι
774 1039 845 1101 ergo
869 1015 941 1080 huic
957 1038 1079 1100 quoque
1095 1015 1187 1100 scrip-

181 1138 241 1202 tori
270 1137 407 1201 innotuit
431 1135 508 1200 liber
531 1136 676 1216 διαιρέσεις
700 1135 864 1218 inscriptus
887 1133 1010 1198 Platoni
1032 1133 1184 1210 tributus;

183 1277 275 1338 quare
294 1254 428 1318 dubitari
442 1253 531 1318 credo
547 1276 609 1318 non
625 1275 728 1339 posse,
746 1254 821 1337 quin
837 1252 894 1317 sub
910 1249 1047 1317 Platonis
1064 1252 1186 1317 nomine

183 1374 251 1436 talis
274 1373 510 1437 commentarius
534 1372 607 1436 olim
631 1374 663 1436 in
687 1372 851 1437 Academia
873 1380 965 1437 notus
988 1373 1090 1437 fuerit.

226 1491 276 1555 Ad
307 1491 436 1557 cundem
462 1491 601 1556 libellum
624 1498 759 1594 spectare
781 1491 858 1555 mihi
873 1491 995 1555 videtur
1006 1489 1187 1555 Aristoteles

182 1611 319 1697 Metaph.
344 1609 407 1688 IV,
434 1613 493 1689 11,
523 1633 552 1696 p.
579 1613 663 1674 1019
688 1613 735 1688 A,
760 1611 814 1676 ubi
837 1633 928 1696 agens
945 1611 1081 1675 dovario
1098 1611 1189 1696 signi·
1234 1636 1237 1648 ·
1277 1627 1280 1632 ’

182 1730 274 1793 ficato
304 1728 522 1793 vocabulorum
552 1728 676 1810 πρότερα
703 1735 734 1793 01
764 1725 886 1812 ὕστερα,
919 1729 994 1794 haec
1022 1729 1124 1793 addit:
1147 1729 1189 1795 σὰ

182 1850 236 1924 μὲν
259 1849 292 1924 δὴ
314 1845 386 1912 οὕτω
410 1848 486 1931 (scil.
511 1849 602 1912 0110
626 1848 807 1933 praegressis
830 1847 948 1934 monui)
963 1847 1113 1925 λεγόμενα
1125 1849 1190 1928 πρό·

183 1992 253 2048 σερα
266 1967 328 2031 αα)
352 1964 474 2048 ὕστερα,
496 1969 538 2032 σαὶ
561 1968 590 2031 δὲ
613 1967 694 2032 κατα
712 1967 860 2048 φύσινκαὶ
873 1967 989 2043 οὐσίαι,
1003 2019 1011 2034 .
1025 2019 1033 2034 .
1048 2018 1055 2034 .
1073 1964 1090 2048 ᾗ
1104 1967 1188 2032 διαι-

184 2087 280 2165 ρέσει
303 2086 450 2165 ἐχρήσατο
473 2084 615 2150 Πλασισιι
637 2084 668 2147 h.
697 2107 723 2149 e.
748 2107 765 2148 a
787 2084 915 2148 Platone
938 2087 1061 2167 πρότερα
1083 2091 1190 2149 vocata

185 2228 250 2269 esse
277 2206 345 2268 κατ’
372 2203 485 2286 οὐσίαι,
510 2204 530 2267 1.
555 2225 581 2267 0.
605 2204 645 2267 τρὶ
669 2203 753 2280 duram
775 2201 880 2286 ὕστερα
903 2212 1006 2268 autem
1029 2205 1110 2269 κατα
1131 2204 1190 2287 Φύ-

185 2349 247 2396 σιν,
279 2324 299 2386 1.
325 2346 350 2387 0.
381 2324 422 2388 τὰ
445 2322 583 2401 peccand.
630 2322 718 2402 Quae
747 2324 921 2408 conspirant
952 2346 1022 2387 cum
1049 2324 1089 2387 iis
1113 2345 1190 2407 quae

184 2445 330 2528 leguntur
358 2443 392 2506 in
414 2442 554 2520 Timaeo,
587 2442 641 2506 ubi
663 2443 704 2507 σεδ
727 2444 849 2517 alodarii
873 2443 999 2522 δεύτεροι
1022 2449 1128 2508 100001
1150 2442 1212 2506 10--

187 2585 269 2627 cum.
294 2560 365 2624 Vid.
389 2561 467 2625 Tim.
492 2585 522 2646 p.
548 2562 589 2623 52
613 2562 651 2624 Α.
1155 2552 1157 2558 ’

233 2678 318 2760 Quid
350 2685 451 2743 autem
482 2677 551 2742 illae
590 2677 734 2758 διαιρέσεις
766 2679 972 2743 continuerint
996 2679 1044 2743 vel
1067 2702 1103 2743 ex
1126 2681 1192 2766 ipsc

185 2799 333 2864 vocabulo
364 2797 478 2862 efficere
508 2797 589 2861 licet.
636 2796 774 2861 Fuerunt
790 2799 983 2881 particiones,
1008 2799 1121 2883 quibus
1144 2823 1192 2864 res

186 2918 218 2981 in
242 2917 360 2982 diversa
382 2938 510 3001 genera,
534 2917 664 3001 species,
689 2917 816 2995 classes,
840 2917 970 3003 gradus,
995 2919 1084 2983 certis
1108 2942 1194 2984 vocc-

186 3037 268 3102 bulis
300 3035 473 3120 designata,
506 3035 723 3100 dividerentur.
742 3037 766 3120 l)
820 3035 920 3118 Quam
951 3039 1042 3102 utiles
1074 3041 1135 3103 sint
1165 3047 1195 3103 et

187 3156 372 3220 necessariae
403 3155 574 3219 istiusmodi
611 3149 796 3241 partitiones
825 3157 863 3220 ad
883 3159 998 3242 justam
1021 3155 1123 3223 rerum
1147 3181 1193 3222 oo·
1266 3154 1269 3163 .,

187 3275 376 3360 gnitionem,
401 3273 434 3337 in
456 3273 595 3337 Phaedro
619 3273 707 3338 docet
732 3274 887 3354 Socrates,
911 3299 940 3360 p.
967 3279 1029 3339 265
1055 3299 1116 3361 sq.‚
1140 3276 1195 3342 ubi

187 3394 252 3478 ipse
275 3393 381 3457 τούτων
404 3398 459 3457 τῶν
481 3393 638 3473 διαιρέσεων
660 3394 710 3458 καὶ
732 3392 909 3472 ξυναγωγῶι
933 3397 1055 3475 ἐραστὴν
1078 3418 1109 3458 se
1129 3418 1197 3480 pro·

188 3512 293 3576 fitetur
315 3514 356 3596 (p.
383 3512 446 3573 266
470 3509 518 3594 Β).
564 3511 681 3576 Ilodem
705 3535 796 3577 sensu
818 3512 975 3577 rhetorum
998 3512 1068 3578 libri
1092 3513 1130 3577 de
1153 3519 1197 3577 to-

189 3632 265 3717 picis
289 3630 475 3694 vooabantur
498 3629 642 3722 διαιρέσεις
655 3632 693 3716 2);
718 3631 790 3697 item
813 3633 845 3696 in
869 3633 995 3696 historia
1019 3631 1196 3697 animalium

201 3815 392 3825 ..-...-.----

226 3936 248 3996 1)
267 3935 320 3984 Ηο0
346 3950 416 3984 sensu
443 3933 559 3983 vocabulo
578 3934 653 3984 utitur
671 3935 739 3984 Plato
756 3936 860 4000 Sophist.
878 3953 901 4002 p.
920 3937 967 3985 253
986 3935 1022 3993 C,
1041 3935 1089 3984 204
1106 3935 1139 3983 0:
1157 3946 1200 3987 τῶν

191 4035 243 4083 κατ’
261 4031 309 4090 olda
326 4031 461 4100 διαιρέσεων.

226 4127 250 4187 2)
270 4125 323 4174 vid.
340 4124 438 4175 Ernesti
454 4125 556 4174 Iaexicon
574 4125 717 4191 Technolog.
735 4127 759 4174 in
777 4141 840 4176 voce.
