2746 4950
651 351 713 412 202

182 555 218 618 A.
244 555 329 620 Idem
346 580 427 621 nuric
452 568 596 640 tanquam
620 559 713 621 totius
729 558 942 642 disputationis
958 560 1194 626 conclusionem

179 673 290 737 diserte
313 675 481 759 eloquitur:
507 675 738 760 „Quieumque,
763 676 851 753 dicit,
876 660 1061 762 sapientiam
1081 687 1194 744 utrem

180 793 287 857 seriam
322 795 399 857 serio
433 801 563 871 tractet,
599 795 673 858 sive*
694 794 850 879 legislator
884 796 945 860 sive
980 796 1064 860 alius
1103 797 1191 882 quis,

180 911 312 976 multum
347 913 443 977 aberit
473 921 508 977 ut
535 915 667 999 cogitata
692 936 829 999 unquam
856 915 967 1000 scripto
1002 917 1136 1002 evulget
1163 925 1193 982 et

181 1030 386 1094 multitudinis
409 1032 540 1096 invidiae
563 1040 593 1095 et
616 1032 801 1097 cavillationi
824 1034 976 1118 projiciat:
1011 1035 1052 1098 διὸ
1074 1035 1110 1110 δὴ
1131 1039 1191 1107 aar

180 1149 248 1227 άνὴρ
279 1149 429 1221 σπουδαῖος
460 1158 514 1216 τῶν
547 1150 630 1215 ὄντων
661 1151 820 1235 onenhaim
850 1153 911 1229 πέρι
936 1158 1045 1216 πολλοῦ
1080 1153 1129 1216 δεῖ
1150 1156 1191 1231 μὴ

180 1267 302 1347 νράψάς
330 1271 394 1331 ποτ’
416 1269 445 1332 ἕν
467 1269 618 1348 άνάράπνις
641 1271 680 1342 εἷς
703 1268 803 1348 Φθόνον
826 1270 875 1333 aa>
898 1271 1021 1349 άπιρίνιν
1044 1271 1190 1347 natatic-

180 1393 242 1460 λεῖ;
275 1385 305 1448 id
336 1387 389 1470 qui
410 1386 483 1450 lacit
506 1409 541 1451 eo
564 1388 630 1472 ipso
653 1386 786 1451 ostendit
809 1395 862 1450 aut
884 1387 1102 1472 philosophiae
1126 1387 1188 1472 dig-

182 1503 307 1567 nitatem
331 1505 387 1568 sibi
415 1527 476 1570 non
493 1529 557 1570 esse
572 1529 660 1570 curae
684 1514 738 1570 aut
753 1529 876 1570 caecum
892 1529 923 1569 se
939 1529 1004 1571 esse
1020 1514 1051 1570 et
1068 1507 1191 1572 demen-

181 1623 273 1685 tem.”
297 1623 446 1709 Deinceps
470 1623 508 1687 ad
532 1625 710 1709 Dionysium
730 1635 881 1688 revertens
905 1624 979 1688 haec
1000 1625 1111 1690 addit:
1137 1627 1191 1705 „Si

182 1748 234 1804 aut
257 1743 321 1825 ipse
344 1752 397 1805 aut
420 1743 497 1806 alius
521 1745 670 1828 quispiam
685 1744 723 1807 de
739 1745 865 1808 summis
881 1753 1008 1808 naturae
1025 1745 1189 1829 principiis

183 1862 248 1943 (τῶν
272 1861 334 1940 περὶ
356 1862 472 1942 Φύσεως
496 1864 587 1942 άκρων
609 1864 807 1946 salaputium)
827 1861 943 1946 aliquid
961 1862 1116 1947 scriptum
1133 1863 1191 1927 edi-

184 1980 243 2057 dit,
267 1980 400 2044 ostendit
423 2003 453 2044 se
469 1982 544 2046 οὐδὲν
557 1982 634 2056 ὑγιὲς
651 2003 769 2065 sapere,
786 2002 884 2065 neque
900 1979 990 2044 aliam
1008 1980 1049 2044 ob
1064 2003 1192 2046 causam

182 2098 214 2161 id
237 2098 343 2162 fecisse
366 2099 521 2184 putandus
538 2108 583 2163 est
605 2100 664 2164 nisi
683 2099 721 2163 ob
738 2099 951 2164 ambitionem:
972 2121 1045 2162 nam
1063 2100 1191 2176 ὑπομνη-

183 2217 284 2294 μάτων
307 2220 395 2298 χάριν
417 2219 489 2303 ((1ίοὶ
512 2219 647 2303 oportuit
667 2220 849 2293 ὑπομνήσεως
868 2217 966 2302 χάριν)
982 2239 1048 2282 non
1064 2241 1194 2284 necesse

183 2347 246 2401 erat
275 2337 384 2415 facere,
415 2337 564 2421 siquidem
592 2337 644 2401 illa
675 2338 779 2422 paucis
807 2337 958 2421 capitibus
986 2339 1194 2402 continentur

182 2457 221 2540 (ἕν
251 2457 452 2538 βραχυτάτοις
482 2461 605 2542 nefrat),
636 2479 713 2541 quae
737 2457 828 2522 semel
852 2463 993 2541 percepta
1016 2477 1192 2542 numquam

184 2597 199 2638 e
224 2576 366 2639 memoria
389 2575 560 2639 ericidant.’'

225 2694 289 2777 Qui
302 2695 458 2759 Platonem
475 2694 547 2758 talia
561 2695 794 2779 praecipientem
808 2695 893 2771 facit,
913 2715 983 2757 eum
995 2694 1193 2758 existimasse

183 2821 318 2898 oportet,
349 2812 507 2876 Platonem
538 2814 637 2897 ipsum
669 2811 836 2875 doctrinam
863 2834 949 2875 suam
981 2832 1036 2874 nee
1072 2814 1194 2898 scripto

183 2931 340 2996 mandasse
365 2955 462 3015 neque
485 2932 658 3016 evulgasse3
683 2932 785 3014 itaque
806 2930 943 3015 dialogos
959 2931 1023 2994 eius
1042 2953 1109 2994 esse
1128 2940 1198 2996 tan·

183 3062 248 3115 tum
269 3073 419 3114 sermones
436 3075 451 3114 e
467 3051 598 3114 Socratis
614 3050 792 3135 disputandi
814 3072 896 3113 more
920 3071 1094 3133 expressos,
1113 3073 1195 3136 opus

184 3169 344 3247 ludicrum,
362 3192 422 3232 non
435 3171 599 3245 onenhaim
625 3169 720 3253 ipsius
731 3191 801 3233 vero
815 3168 963 3252 principia
974 3166 1196 3252 philosophiae

184 3311 238 3353 nec
262 3288 355 3352 literis
379 3289 416 3352 ab
440 3311 475 3351 eo
499 3289 675 3372 consignata
697 3310 761 3351 esse
784 3309 882 3372 neque
905 3287 938 3349 in
961 3285 1073 3370 vulgus
1091 3287 1197 3366 elata,

184 3408 236 3472 sed
266 3409 297 3471 in
330 3407 509 3471 Academiae
538 3407 643 3471 umbra
664 3429 733 3470 cum
757 3406 914 3490 discipulis
938 3413 1061 3469 tantum
1092 3418 1125 3471 et
1156 3409 1198 3472 fa

184 3527 353 3591 miliaribus
382 3526 555 3589 disserendo
578 3526 727 3610 explicata
755 3547 806 3601 ac,
839 3527 864 3588 si
887 3526 983 3601 forte,
1007 3525 1039 3587 in
1065 3526 1199 3602 ὑπομνά-

185 3671 270 3721 ⁴cara
292 3647 387 3710 relata
410 3668 483 3709 esse.
516 3649 617 3728 Atque
639 3643 718 3706 hane
742 3642 834 3706 fuisse
858 3642 1101 3726 epistolographi
1129 3667 1200 3709 sen·

185 3767 328 3841 tentiam,
355 3765 445 3829 multi
473 3766 531 3828 loci
555 3763 731 3827 ostendunt.

229 3885 267 3949 In
291 3885 429 3968 Epistola
451 3883 550 3961 XIII,
575 3907 604 3968 P·
630 3886 692 3946 363
717 3885 760 3957 Α,
785 3888 963 3966 personatus
986 3878 1078 3942 Plato
1099 3880 1200 3946 dialo

186 4028 239 4088 gos
259 4027 330 4069 suos
350 4004 555 4086 (Phaedonem
575 4001 757 4086 significans)
778 3998 911 4084 appellat
930 4000 1128 4078 Σωκράτείονς
1150 4000 1199 4065 λά

185 4149 270 4201 your,
304 4125 332 4186 h.
358 4146 382 4186 e.
415 4144 566 4186 sermones
597 4123 629 4185 in
660 4120 772 4204 quibus
802 4118 933 4181 Socratis
964 4116 1041 4180 ratio
1067 4127 1099 4182 et
1123 4141 1196 4186 sen·
