2746 4950
656 344 716 406 116

179 555 315 620 Platonis
339 554 557 630 adversarium,
581 573 689 635 parum
710 551 873 615 honorifice
896 552 933 616 de
949 575 985 616 eo
1001 555 1192 620 mentionem

177 675 284 739 fecisse
306 673 440 738 dubitari
463 671 586 754 nequit,
611 693 666 733 nec
689 670 797 733 mirum
823 671 900 734 foret
919 672 945 734 si
960 671 1123 757 Epistolae
1140 674 1190 738 ΙΠ

178 803 208 857 11
231 793 295 856 VH
319 793 356 857 ad
380 792 464 855 illius
480 790 672 875 potissimum
688 790 929 855 maledicentiam
946 791 1191 876 redarguendam

178 922 279 976 essent
301 912 495 997 compositae.
513 912 535 994 ¹)

224 1029 376 1114 Diogenes
403 1028 560 1107 Laertius,
591 1028 760 1112 Apuleius,
791 1028 882 1091 ceteri
914 1029 1009 1093 secuti
1040 1039 1117 1094 sunt
1144 1054 1194 1116 po·

179 1148 331 1213 tissimum
365 1148 459 1212 libros
482 1156 512 1211 et
535 1147 766 1210 commentarios
798 1146 1048 1231 pbilosophorum
1074 1158 1106 1213 11
1132 1151 1193 1214 bio

178 1267 381 1350 graphorum,
413 1287 544 1348 quorum
573 1264 626 1328 ille
657 1287 800 1348 magnum
825 1288 987 1328 numerum
1010 1268 1096 1331 citat.
1147 1268 1192 1332 Ea

177 1384 224 1446 his
254 1385 426 1449 nominasse
464 1383 597 1447 sufficiat
630 1404 680 1446 eos
704 1384 757 1466 qui
780 1382 917 1447 Platonis
941 1384 1033 1447 aetati
1058 1387 1191 1470 proximi

176 1504 318 1568 fuerunt:
343 1501 548 1587 Speusippum
567 1503 598 1565 in
620 1502 774 1573 [incisuros
790 1504 971 1587 περιδείπνῳ,
1003 1503 1189 1569 0111111111]

177 1624 209 1685 111
247 1621 402 1692 Πλάτωνος
433 1621 585 1700 ἐγκωμίῳ,
615 1618 789 1684 Neanthem
819 1619 1017 1704 Cyzicenum,
1049 1622 1192 1688 Dicaear-

178 1738 268 1802 chum
284 1738 350 1818 Περὶ
367 1738 455 1816 βίων,
475 1736 715 1815 Hermodorum,
729 1738 963 1816 Aristoxenum,
977 1738 1191 1819 Heraclidem,

177 1859 419 1944 Theopompum.
455 1856 610 1940 Diogenes
634 1862 734 1920 autem
762 1857 817 1919 etsi
834 1865 972 1951 auctores
987 1857 1058 1920 illos
1076 1861 1191 1943 passim

178 1981 269 2056 citat,
299 1992 399 2041 tamen
424 1977 605 2061 plerumque
629 1977 793 2039 oscitanter
815 1976 902 2041 nullo
922 1977 1039 2062 judicio
1064 2001 1117 2042 eos
1142 1980 1193 2043 ad·

179 2098 299 2175 hibuit,
327 2097 417 2181 plura
451 2119 520 2159 vero
551 2119 612 2159 non
638 2109 660 2159 ⁴e
691 2095 827 2160 fontibus
858 2097 948 2180 ipsis,
977 2095 1029 2159 sed
1058 2098 1192 2162 aliorum

179 2217 326 2280 crivulis
350 2216 452 2279 hausit
459 2242 469 2293 ;
503 2237 581 2299 quae
613 2215 650 2278 de
673 2215 810 2278 Platonis
834 2215 896 2278 vita
919 2215 1027 2292 habet,
1063 2239 1100 2280 es
1124 2239 1193 2301 par·

178 2336 234 2398 tim
257 2357 273 2399 1
296 2334 437 2398 Favorini
466 2334 689 2399 commentariis
714 2341 744 2397 11
767 2334 902 2397 historiis
925 2333 1046 2397 videtur
1067 2335 1192 2398 concin·
1221 2359 1230 2370 ⁴

178 2477 276 2518 nasse.
293 2455 318 2537 2)
363 2453 500 2517 Platonis
524 2461 624 2517 autem
650 2475 727 2537 qnae
740 2453 880 2517 feruntur
906 2452 1061 2537 Epistolae
1087 2476 1104 2516 1
1129 2451 1192 2517 Ν1·

179 2582 251 2658 pote
282 2581 311 2635 11
340 2572 515 2636 aDiodoro
538 2594 601 2636 non
624 2572 767 2635 videntur
789 2569 943 2635 adhibitae
966 2594 1029 2634 esse
1036 2597 1045 2648 3
1080 2571 1192 2636 sedulo

180 2714 250 2755 vero
282 2692 329 2754 his
356 2692 405 2754 usi
428 2699 501 2755 sunt
523 2690 708 2755 Plutarchus
737 2698 768 2754 11
790 2689 948 2768 Laertius,
973 2689 1026 2774 qui
1049 2713 1100 2753 eas
1124 2698 1193 2755 tan·

179 2833 272 2894 quam
299 2833 443 2894 germana
465 2810 603 2874 Platonis
626 2811 739 2895 scripta
762 2816 792 2873 et
814 2807 991 2893 gravissima
1013 2810 1192 2874 testimonia

182 2930 287 2993 citant.

223 3045 266 3110 Hi
296 3047 392 3130 igitur
422 3054 496 3109 sunt
525 3046 641 3124 fontes,
670 3047 743 3110 haec
766 3046 955 3124 testimonia,
980 3045 1190 3130 quibuscum

178 3164 324 3249 Epistolis
355 3162 561 3240 conferendis,
593 3163 669 3247 quid
697 3165 729 3227 in
758 3164 806 3228 his
837 3186 904 3227 vere
938 3172 968 3228 et
990 3171 1093 3242 recte,¹
1113 3165 1190 3249 quid

179 3306 266 3347 secus
296 3284 427 3347 relatum
457 3283 512 3361 sit,
536 3282 638 3367 quoad
661 3283 778 3346 licitum
801 3289 864 3361 est,
889 3282 1103 3368 dijudicemus.
1151 3283 1190 3348 In

181 3425 242 3487 quo
273 3402 374 3486 ipsum
408 3400 616 3486 Epistolarum
644 3401 771 3465 ductum
800 3409 961 3485 sequentes
988 3402 1191 3468 tractabimus

181 3523 279 3606 primo
302 3522 436 3606 quaein
459 3520 598 3605 Epistola
623 3520 685 3584 VII
708 3520 746 3584 de
770 3520 961 3584 Athenarum
984 3528 1067 3583 statu
1096 3521 1190 3586 etde

213 3838 237 3899 l)
253 3837 309 3886 viu.
331 3837 436 3895 Msrres,
454 3835 518 3886 Diss.
534 3835 614 3900 inaug.
631 3835 660 3884 ds
677 3835 802 3884 Favorino.
820 3833 884 3898 Traj.
902 3834 931 3883 ad
948 3835 995 3884 Rh.
1015 3835 1091 3894 185³,
1111 3853 1136 3902 p.
1148 3839 1190 3888 99.

214 3933 238 3995 2)
256 3933 372 3982 Philistus
389 3932 498 3996 Dionysii
516 3931 615 3979 minoris
634 3930 706 3979 vitam
724 3935 748 3978 ct
765 3946 801 3978 res
819 3935 896 3992 gestas
908 3931 1059 3994 comscripsit
1070 3947 1147 3996 usque
1159 3934 1190 3983 ad

180 4044 268 4078 annum
291 4045 311 4077 a.
330 4028 436 4078 (131131
468 4027 542 4090 igitur
567 4026 596 4074 de
622 4026 694 4074 tertio
720 4025 826 4074 Plutonis
849 4025 949 4084 itinere,
967 4025 1029 4088 quod
1054 4026 1142 4077 incidit
1164 4029 1189 4078 in

180 4140 201 4173 s.
220 4123 281 4182 361,
299 4139 346 4172 non
365 4124 467 4188 scripsit.
494 4122 548 4170 vio.
565 4122 648 4184 Haug,
668 4121 705 4169 die
723 4121 823 4185 Quellen
842 4121 981 4180 Plutarchs,
1000 4137 1022 4185 p.
1041 4122 1081 4172 63.
