2746 4950
457 1238 921 1358 Pacuuium

213 2014 298 2094 Quart
316 2013 476 2077 illustrium
499 2013 686 2100 antiquitatis
707 2014 879 2096 ¹ecriqctarum
893 2014 966 2099 fere
988 2014 1111 2090 memini,
1138 2013 1172 2077 id

163 2146 283 2209 Plataui
312 2146 423 2222 creuit,
455 2153 489 2210 ut
516 2169 551 2210 eu
582 2147 645 2210 eiua
673 2146 807 2229 amiam'e,
839 2169 913 2231 quae
945 2147 1107 2232 aequalium
1139 2146 1171 2209 iu

33 2290 36 2294 '
108 2306 111 2311 ·
161 2278 290 2341 mamilae
300 2280 449 2360 fueraut,
473 2281 603 2357 uulhcm,
621 2287 759 2366 quautam
775 2285 948 2362 compertum
963 2281 1111 2360 labemur,
1128 2280 1171 2343 iu-

150 2411 239 2496 juria
260 2418 416 2494 temporum
438 2411 615 2477 homiuumue
638 2413 752 2476 iucuria
775 2412 956 2476 interciderit
961 2439 975 2487 ;
992 2417 1092 2476 aautra
1107 2435 1170 2475 aum

160 2566 216 2607 uam
239 2546 349 2626 paueie
370 2546 571 2610 aucelleutibue
586 2546 770 2629 plilaeaplie
792 2553 819 2610 et
842 2546 1005 2609 aratoribus
1027 2566 1170 2610 commuue

161 2678 277 2754 lubuit,
308 2674 388 2763 quael
413 2680 476 2743 eiua
505 2680 618 2743 uamiue
641 2681 734 2762 plura
768 2680 845 2742 etita
876 2685 904 2741 et
930 2679 1080 2760 diuulqata
1101 2684 1169 2742 euut

160 2810 288 2893 cauata,
314 2815 468 2898 quaejam
491 2815 559 2877 am‘m
582 2814 744 2878 acutiorem
767 2813 933 2876 criticorum
947 2812 1063 2896 judicia
1086 2835 1169 2894 rapu·
1224 2804 1227 2809 ¹

160 2944 244 3009 tiata
272 2951 349 3011 mur.
397 2948 492 3010 Cauca
522 2947 566 3011 rei
588 2948 661 3034 fuit
690 2949 768 3032 quael
796 2946 932 3009 Platauie
954 2945 1102 3010 auditurae
1124 2947 1170 3010 ael

159 3079 293 3155 lecteree,
328 3080 490 3162 eapimtiue
523 3082 586 3145 ciue
615 3088 643 3145 et
673 3081 814 3144 aratiauie
848 3079 1040 3143 admiralium
1071 3080 1167 3161 capti,

161 3233 222 3275 eum
256 3213 402 3277 ecriteuda
437 3215 551 3277 imitari
584 3217 756 3278 etudueruut
786 3220 814 3277 et
844 3235 899 3276 eua
928 3212 1084 3294 specimina
1111 3235 1170 3276 ma·

156 3344 245 3426 qaut
285 3328 398 3410 uamiue
441 3346 582 3429 iuciquita
622 3348 817 3411 amulitaruut.
876 3346 987 3411 Harum
1029 3347 1169 3408 uauuulla
1276 3371 1279 3376 ’

151 3480 218 3562 ja‘m
253 3486 377 3543 aeterum
408 3481 572 3545 criticorum
603 3481 694 3546 aciem
715 3504 772 3545 uam
791 3480 989 3566 fefellerunt,
1017 3478 1079 3541 am‘a
1105 3501 1170 3543 uero

161 3615 203 3676 ad
229 3611 333 3676 ultima
361 3616 533 3679 Academiae
563 3623 691 3698 tempora
714 3637 772 3697 pra
791 3613 937 3696 qermauie
959 3613 1094 3675 Platauie
1115 3635 1172 3676 ma-

161 3743 305 3807 uummtie
333 3746 436 3810 latita
464 3754 542 3810 euut.
589 3749 628 3811 Iu
656 3749 711 3810 lae
742 3747 833 3810 clame
859 3748 1008 3808 aeaceutur
1031 3744 1171 3825 Epieta

162 3877 235 3952 lae,
267 3899 342 3962 quae
372 3902 391 3941 a
416 3880 554 3966 Piraeqlc
578 3882 609 3944 iu
633 3880 850 3943 Platmicarum
874 3898 989 3958 eperum
1013 3877 1171 3958 catalaqum

162 4015 308 4091 receptae,
315 4013 382 4096 jam
399 4036 418 4076 a
437 4013 586 4091 Cicerme‚
601 4015 761 4078 Plutarclo
773 4033 924 4097 earumque
939 4010 1170 4095 aequaliluepra
1208 4005 1211 4010 ⁵

162 4143 282 4208 macerie
304 4146 420 4233 lalitae
441 4154 470 4211 et
488 4150 613 4238 studiose
632 4147 778 4212 lectitatae
794 4151 872 4232 curet
908 4145 989 4208 Num
1008 4143 1171 4209 mirandum
