2746 4950
664 336 705 398 47
874 346 889 376 ⁴

184 545 231 604 νῦν
253 539 414 618 γεγονότων
436 539 621 622 πραγμάτων
645 539 708 620 περὶ
733 540 839 605 Δίωνα.
863 563 893 625 p.
911 543 974 604 339
992 538 1035 603 C:
1053 539 1188 644 οὐδέν’σον

183 664 238 724 τῶν
269 659 332 739 περὶ
365 659 463 725 Δίωνα
485 657 541 735 ἕξει
564 658 748 739 πραγμάτων
762 708 769 723 .
784 708 791 722 .
806 707 835 723 ..
859 660 940 724 κατά
963 664 1024 723 νοῦν
1046 657 1187 736 γιγνόμε-

183 802 236 845 νον.
260 801 291 863 p.
308 781 371 843 340
388 780 443 843 .A:
468 779 552 845 ἔδωκε
574 802 602 843 τν
625 779 707 859 μέρος
732 779 806 843 αἰδοῖ
825 785 879 842 τῶν
895 777 956 858 περὶ
977 779 1029 856 ἐμὲ
1044 775 1187 857 πραγμά-

183 922 248 964 των.
274 905 304 961 et
322 897 419 984 paulo
443 905 513 985 post
535 897 577 960 B:
601 898 738 963 δεικνύναι
762 898 795 973 δὴ
818 898 862 962 δεῖ
880 904 940 969 τοῖς
959 896 1105 978 τοιούτοις,
1131 895 1147 960 d
1159 919 1187 959 τν

183 1015 244 1081 ἔστι
268 1020 328 1082 πῖον
355 1017 388 1081 τὸ
416 1021 547 1099 πράγμα
577 1013 630 1083 οἷόν
659 1042 693 1082 τε
716 1016 765 1082 καὶ
788 1017 822 1080 δι’
843 1013 912 1081 ὅσων
931 1015 1117 1096 πραγμάτων
1136 1013 1185 1078 καὶ

183 1134 245 1201 άοον
279 1136 361 1201 πάνον
391 1137 472 1217 ἔχει,
505 1135 560 1200 ubi
587 1136 622 1200 a*
643 1135 712 1200 ὅτων
739 1136 925 1215 πραγμάτων
953 1141 983 1198 et
1017 1131 1079 1198 dona
1105 1132 1187 1198 πάνον
1282 1139 1283 1142 ’

183 1251 247 1333 ἔχεν
270 1277 352 1318 mera
375 1261 421 1318 ost
443 1253 622 1338 tautologia.

228 1372 347 1437 Deinde
369 1373 554 1437 mentionem
577 1373 649 1437 faoit
670 1395 772 1437 rerum
793 1371 1040 1436 commutationis
1056 1370 1186 1433 Athenis

183 1491 297 1568 factae,
322 1492 497 1555 constitutis
524 1492 652 1576 triginta
679 1491 833 1575 tyrannim
868 1488 1036 1574 inquibus
1060 1510 1187 1552 comme·

182 1609 336 1672 morandis
356 1632 443 1694 quae
466 1611 504 1674 de
527 1611 657 1674 civitatis
681 1616 764 1674 statu
792 1617 896 1672 narrat
924 1607 1073 1672 eiusmodi
1095 1613 1185 1685 sunt,

183 1736 219 1792 ut
242 1727 362 1793 dubites
385 1752 460 1794 num
483 1731 611 1815 soriptoi
634 1753 669 1794 ea
691 1728 784 1814 probe
807 1728 929 1813 cognita
953 1717 1114 1807 habueritf·
1139 1726 1186 1791 De

182 1870 244 1932 quo
266 1849 354 1912 insna.
400 1848 480 1913 Tum
503 1856 605 1913 antem
628 1848 666 1912 de
690 1871 723 1923 se
744 1849 788 1911 ita
810 1848 925 1932 pergit:
1082 1934 1085 1940 1

227 1968 334 2033 τούτων
364 1968 397 2043 δή
412 1993 486 2040 τινες
516 1970 609 2033 οἰκεῖοί
637 1993 671 2032 τε
693 1967 770 2039 ὄντες
793 1968 842 2031 καὶ
866 1967 998 2048 γνώριμον
1022 1965 1187 2045 ἐτύγχανον

184 2085 264 2168 ἐμοὶ,
281 2087 330 2150 καὶ
354 2086 386 2161 aa
409 2087 457 2151 καὶ
481 2086 662 2166 παρεκάλουν
684 2085 763 2157 εὐθύς
786 2073 832 2157 ὡς’
846 2084 902 2149 ἐπὶἸ
916 2083 1093 2163 προσήκοντα
1115 2082 1187 2162 πρά-

183 2228 294 2282 γματα
313 2203 361 2282 με’
407 2204 463 2269 Καὶ
487 2205 544 2281 ἐγὼ
564 2203 731 2280 θαυμαστὸν
754 2202 829 2266 οὐδὲν
852 2202 956 2266 ἔπαθον
972 2201 1025 2265 ὑπὸ
1041 2199 1184 2282 νεότατος,

184 2322 271 2402 ᾠήθην
300 2323 358 2402 γάρ
385 2324 488 2393 αὐτοὺς
516 2323 548 2387 ἔκ
574 2346 647 2393 τινος
672 2322 770 2386 άδίκον
793 2320 858 2398 βίον
880 2319 929 2384 ἐπὶ
954 2319 1058 2384 δίκαιον
1085 2317 1186 2398 τρόπον

183 2438 313 2518 άγοντας
336 2443 481 2517 δνονκάοενν
503 2443 535 2517 δὴ
558 2443 609 2517 τὴν
632 2440 731 2524 πάλιν,
755 2437 828 2505 ὥστε
851 2443 948 2511 αὐτοῖς
971 2437 1083 2520 οφοῒρα
1105 2460 1187 2518 προο-

182 2568 262 2641 εῒχον
284 2561 332 2625 τὸν
354 2567 414 2626 νοῦν
436 2562 467 2625 τί
489 2559 629 2641 πράξοιεν.
755 2649 757 2652 f

226 2678 286 2742 Pro
309 2681 345 2751 ὡς
369 2679 415 2743 ἐπὶ
439 2681 616 2760 προσήκοντα
639 2678 810 2758 πράγματα
831 2679 870 2756 με’
893 2677 992 2741 dicere
1012 2674 1132 2754 debuit,
1153 2675 1186 2738 id

182 2797 265 2880 quod
287 2797 401 2877 voluit,
426 2798 606 2880 παρεκάλουν
629 2801 681 2876 ἐμὲ
704 2801 740 2870 ὡς
763 2798 936 2878 προςήκοντα
959 2796 1006 2860 ἐπὶ
1030 2797 1070 2860 τά
1090 2794 1187 2872 τράγε

182 2941 279 2994 ματα.
330 2916 489 2982 Platonem
524 2919 603 2983 enim
642 2918 681 2982 ad
718 2917 842 3003 publiea
882 2916 1005 3000 negotia
1037 2913 1186 2978 vooabant

183 3036 344 3120 optimates
367 3037 531 3122 propinqui
554 3043 590 3100 ut
612 3037 819 3122 propinquum
838 3038 884 3120 (ὡς
900 3034 1099 3116 προσήκοντα),
1123 3055 1185 3096 non

182 3161 219 3217 ut
240 3153 332 3219 talem
356 3154 406 3218 oui
431 3155 553 3239 negotia
579 3156 633 3219 illa
658 3157 787 3221 maxime
810 3136 1014 3218 convenirent.
1061 3150 1185 3242 Inver-

183 3272 229 3336 bis
259 3274 291 3338 ἔκ
318 3298 391 3346 τινος
417 3274 514 3339 aalma
540 3274 605 3352 βίον
628 3275 697 3358 quis
719 3298 782 3339 non
805 3274 898 3338 sentit
920 3273 1022 3357 inepto
1046 3270 1184 3333 additum

181 3389 260 3453 illud
282 3391 377 3462 τννοςΡ
399 3391 563 3475 Eleganter
586 3414 673 3476 saepe
696 3390 819 3455 additur
842 3413 912 3455 oum
935 3390 965 3452 vi
987 3385 1184 3469 intendendi,

182 3509 295 3574 talibus
326 3511 471 3575 nimirum
501 3509 656 3574 vocabulis
688 3532 819 3594 quorum
850 3510 964 3594 speeies
995 3507 1042 3572 vel
1072 3504 1184 3590 giadus

182 3628 278 3712 aliqui
301 3650 365 3691 esse
387 3634 532 3713 possunt,
556 3634 593 3691 ut
614 3627 771 3708 άμήχανάς
794 3652 851 3701 τος,
870 3626 985 3719 &adadu
1001 3649 1058 3705 τις,
1075 3623 1183 3694 άτοπάς

180 3772 242 3824 τνς;
277 3754 406 3832 possunt
440 3747 521 3810 enim
555 3769 619 3810 esse
650 3746 752 3832 plures
783 3722 970 3817 άτοπίαάοο
999 3743 1183 3827 φαυλότητος

181 3865 293 3929 formae
324 3872 355 3928 et
383 3864 513 3949 gradus3
545 3863 598 3928 sed
625 3886 720 3948 quum
746 3865 856 3948 loquor
883 3861 1182 3952 deijust‘off'm'uato,

181 3985 312 4060 honesto,
336 3983 499 4061 inhonesto,
524 3983 604 4046 haee>
619 3981 771 4047 eiusmodi
794 3952 1034 4045 additamentum
1058 4000 1121 4075 non
1143 3977 1184 4040 f·
1230 4033 1232 4040 .

181 4101 238 4164 cilo
272 4102 464 4174 admittunt„
501 4100 616 4165 Verum
650 4100 729 4164 illud
762 4126 806 4172 τις
842 4107 887 4165 est
922 4122 982 4163 una
1017 4121 1032 4162 e
1067 4095 1183 4161 voculis
