2746 4950
653 332 714 393 161

185 563 258 603 neoto
279 537 311 602 ἐκ
333 543 516 615 μονογενοῦς,
541 539 580 608 εἷς
603 536 636 601 τὸ
658 538 770 617 μετρίον
792 543 907 616 μᾶλλον
929 539 1110 616 Scotorum·
1135 542 1182 605 nal

184 657 265 734 μετὰ
294 658 371 720 τοῦτ’
402 653 444 720 ἔτι
475 654 563 737 φύσις
592 680 635 727 τις
665 655 819 735 ἀνθρωπίνη
847 659 1014 736 μεμιγμένη
1049 659 1110 740 daig
1131 661 1183 723 τινὶ

182 774 301 853 dovetun
315 825 358 842 ...
370 776 423 849 τὴν
434 781 490 839 τῶν
501 773 572 839 ἕκτον
583 775 633 839 eal
645 773 729 840 εἴκοσι
740 777 877 856 γερόντων
889 778 1029 861 (δύναμιν)
1041 778 1184 859 ἰσόψηφον

182 895 223 965 εἰς
246 894 286 958 τὰ
301 893 432 972 μέγιστον
454 903 491 975 τῇ
509 899 564 958 τῶν
586 893 731 971 βοοονλὲων
754 897 900 971 nortem
911 895 1028 973 δυνάμει
1042 916 1049 943 ’
1063 897 1076 960 ὂ
1088 896 1116 960 δὲ
1128 897 1183 978 τρί-

182 1037 230 1084 τος
254 1014 409 1091 σωτὴρ...
440 1008 492 1076 οἷον
521 1010 627 1091 ψάλιον
657 1013 794 1091 ἐνέβαλεν
818 1016 893 1096 αὐτῇ
923 1016 974 1088 τῖον
997 1021 1052 1079 τῶν
1075 1014 1182 1098 ἐφόρων

182 1131 313 1209 δύναμιν.
339 1129 443 1215 Igitur
465 1129 633 1194 secundum
656 1130 814 1195 Platonem
837 1133 944 1196 salutis
966 1132 1183 1217 Spartanorum

182 1259 245 1314 tres
274 1250 399 1314 fuerunt
429 1257 581 1314 auctores:
614 1251 710 1335 primo
744 1250 811 1315 loco
841 1261 949 1315 natura
980 1251 1041 1315 sive
1064 1251 1183 1336 ¹aliquis

182 1369 273 1446 deus;
297 1368 373 1431 alter
395 1367 529 1431 mortalis
553 1367 655 1432 divina
670 1368 773 1433 indole
788 1369 957 1453 praeditus,
975 1370 1029 1454 qui
1044 1378 1183 1435 senatum

182 1488 330 1566 instituit3
358 1487 480 1565 tertiae,
505 1488 557 1572 qui
585 1488 766 1573 ephororum
789 1490 1000 1572 magistratum
1016 1490 1115 1573 regiae
1131 1512 1181 1575 po

182 1608 286 1671 testati
313 1607 431 1671 addidit
462 1615 606 1691 tanquam
629 1608 757 1672 frenum.
792 1609 898 1672 Alium
922 1631 992 1692 ergo
1015 1619 1066 1684 τῆς
1090 1634 1184 1690 cepeo-
1236 1684 1239 1692 ¹

181 1729 265 1800 σίνος,
290 1726 383 1790 alium
405 1732 460 1790 τῶν
483 1727 589 1807 ἐφόρων
605 1727 763 1812 potestatis
783 1734 933 1791 auctorem
950 1727 1031 1792 facit.
1056 1727 1088 1790 Si
1108 1751 1183 1791 mor-

181 1845 252 1908 talis
274 1844 326 1908 ille
349 1844 450 1908 divino
467 1845 588 1928 ingenio
605 1844 759 1931 praeditus
775 1844 933 1929 Lyeurgus
945 1845 1102 1910 habendus
1119 1855 1181 1924 est,

182 1963 237 2047 qui
270 1963 379 2026 tertius
401 1970 585 2027 memoratur
608 1964 645 2029 ab
668 1964 721 2027 illo
745 1964 879 2028 diversus
903 1972 949 2028 est
972 1972 1001 2028 et
1023 1965 1181 2028 recentior.

180 2081 257 2145 Jure
280 2080 421 2145 Salomon
445 2084 485 2166 (p.
511 2085 551 2146 20
576 2084 632 2166 sq.)
655 2082 727 2146 inde
751 2082 883 2167 colligit,
909 2083 1066 2147 Platonem
1092 2082 1181 2167 epho-

181 2223 285 2265 rorum
324 2209 477 2265 auctorem
507 2203 690 2286 significasse
721 2202 850 2267 eundem
881 2225 971 2287 quem
1001 2201 1180 2266 Aristoteles

180 2321 319 2384 nominat
337 2319 428 2384 Polit.
449 2319 488 2398 V,
515 2323 573 2398 ll,
593 2344 692 2404 regem
711 2320 951 2406 Theopompum.
983 2321 1021 2385 Id
1040 2328 1180 2412 nostrum

179 2439 278 2522 fugit,
309 2438 437 2522 ideoque
468 2447 589 2503 secutus
621 2447 665 2502 est
694 2439 850 2523 vulgarem
880 2439 1070 2524 opinionem,
1103 2462 1180 2524 quae

179 2559 338 2642 utriusque
361 2558 555 2642 magistratus
577 2558 800 2622 institutionem
821 2557 962 2643 Lycurgo
976 2559 1096 2623 tribuit.
1121 2558 1181 2622 He-

180 2676 247 2741 rod.
271 2675 304 2755 I,
331 2677 420 2762 65.1)

226 2913 264 2977 In
287 2913 392 2991 ceteris
415 2935 537 2997 quoque
560 2913 695 2999 epistolis
718 2913 829 2998 passim
849 2921 1010 2978 occurrunt
1032 2914 1181 2999 quaedam

180 3031 241 3094 fide
263 3031 389 3115 indigna
411 3039 441 3095 et
463 3032 615 3115 figmentis
631 3031 750 3095 similia.
779 3030 874 3095 Velut
889 3032 1027 3116 Epistola
1047 3032 1082 3096 H
1096 3034 1180 3097 utin

180 3149 279 3214 verbis
303 3157 332 3213 et
355 3150 512 3214 sententiis
534 3150 632 3214 multa
650 3150 743 3215 habet
763 3173 780 3214 a
800 3149 927 3214 Platone
951 3142 1064 3229 aliena,
1090 3151 1178 3214 etiam
1245 3225 1246 3228 Ἴ

180 3291 244 3332 rem
273 3275 419 3333 memorat
449 3291 555 3354 parum
587 3268 782 3354 probabilem.
829 3269 868 3332 In
904 3276 1036 3333 extrema
1070 3269 1181 3353 pagina

181 3389 222 3470 (p.
252 3389 315 3450 314
342 3387 379 3472 E)
403 3386 490 3450 Plato
513 3387 660 3472 Dionysio
684 3388 804 3452 scribit:
827 3386 1020 3473 „Speusippo
1046 3396 1128 3451 utere
1151 3395 1180 3452 et

183 3503 305 3588 [deinde
335 3526 405 3567 eum
435 3503 473 3567 ad
504 3506 573 3588 uos]
605 3480 755 3568 remitte.''
799 3506 842 3568 At
872 3506 934 3568 sive
958 3504 1031 3570 haec
1054 3504 1181 3589 epistola

180 3629 250 3708 post
280 3622 403 3686 alteram
430 3623 493 3685 sive
515 3630 584 3707 post
606 3624 726 3686 tertiam
749 3624 964 3709 profectionem
988 3624 1099 3708 scripta
1120 3645 1182 3686 cre·

214 3838 238 3898 1)
255 3838 386 3887 Salomonis
398 3843 537 3902 argumenta
550 3839 676 3903 speciosius
694 3855 765 3903 quam
781 3839 860 3887 verius
877 3838 985 3887 refellere
1000 3837 1106 3886 institnit
1119 3837 1179 3885 Her·

180 3949 280 3982 mannus
296 3933 320 3982 in
338 3933 451 3982 Zaitachr.
469 3934 486 3983 f.
504 3933 629 3983 Alterthw.
649 3933 721 3993 1837,
739 3951 763 3998 p.
782 3932 837 3985 277.
872 3934 1036 3997 Discrepantia
1052 3932 1180 3982 interPla·

180 4029 244 4078 tonia
260 4030 337 4079 locum
356 4034 380 4079 et
396 4030 528 4093 Epistolam
542 4030 591 4093 jam
612 4046 657 4078 non
677 4031 768 4094 lugeret
783 4030 890 4088 Aetium,
903 4030 1027 4078 Animadv.
1039 4029 1063 4078 in
1076 4029 1138 4077 Plat.
1151 4029 1180 4076 de

180 4127 251 4190 Legg.
269 4142 292 4190 p.
311 4125 365 4178 174.

1025 4225 1062 4281 11
