2746 4950
653 345 712 404 lot

178 551 316 629 initium,
340 551 383 612 ita
407 572 580 634 praegressa
603 547 688 633 (VII)
709 551 827 634 justum
844 548 1037 614 babetfiuem
1050 553 1198 616 etabsol-

178 669 259 732 vitur
287 668 403 733 verbis:
442 669 493 732 Τιὶ
518 668 551 742 δὴ
574 668 654 744 μετοὶ
676 668 717 732 τέι
740 672 787 731 νῦν
810 666 926 747 pultare
948 664 969 731 ἐι
992 665 1193 746 ξυμβουλεύω

179 787 282 868 σχεδὸν
304 785 413 867 εἴρητοί
434 787 467 851 τέ
489 810 536 862 μοι
559 786 608 850 nat
631 787 787 867 εἰρήσθω..
803 834 831 851 ..
856 788 879 850 εἰ
902 785 995 868 δ’ἄροι
1017 788 1132 853 reuirat
1145 795 1195 854 νῦν

177 906 293 986 ΙΞιρθέντοο
315 904 496 985 saracems
518 902 612 985 ἐφάνη
635 903 683 967 aa}
708 904 864 986 προφάσεις
888 903 954 982 πρὸς
975 904 1016 970 τοὶ
1039 907 1191 984 γενομένω

178 1023 279 1096 ἱκιινέις
295 1024 374 1104 ἔχειν
389 1019 466 1097 ἔδοξέ
481 1047 538 1102 τῳ,
559 1023 679 1102 μετρίως
698 1020 734 1086 ἂν
751 1023 819 1097 ἡμῖν
838 1022 887 1085 κιιὶ
905 1023 1006 1094 ἱκοινῶς
1023 1021 1067 1099 εἴη
1085 1025 1128 1089 τὰ
1144 1032 1193 1091 νῦν

176 1143 317 1224 εἷρνμένιι.
364 1141 457 1222 Quod
481 1147 582 1205 autem
605 1140 643 1204 ad
667 1140 848 1225 promissum
872 1140 1032 1204 consilium
1058 1143 1191 1222 attinet,

176 1262 207 1325 id
230 1261 356 1346 perfecit
379 1269 409 1324 et
430 1259 602 1323 terminavit
621 1258 668 1322 his
687 1258 783 1322 verbis
806 1260 846 1343 (p.
872 1260 933 1323 337
956 1257 1008 1342 El:
1029 1257 1191 1339 ξυμβουλὴ

176 1381 229 1457 μὲν
251 1378 283 1451 δὴ
302 1377 352 1442 κοιὶ
369 1378 506 1451 ἐτιοτολέρ
521 1378 644 1457 εἰρήσθω.
668 1375 727 1438 Sed
751 1376 911 1460 utriusque
933 1376 1081 1462 epistolae
1105 1378 1191 1444 diffe-

177 1479 276 1560 reritia
306 1495 415 1559 clarius
446 1495 538 1559 etiam
569 1517 606 1558 ex
636 1495 693 1558 hoc
717 1502 856 1579 apparet,
888 1494 969 1578 quod
993 1517 1056 1559 non
1081 1497 1192 1562 eodem

177 1623 312 1700 tempore
343 1615 470 1699 scriptae
500 1613 657 1697 finguntur
687 1635 742 1677 nec
772 1613 804 1676 in
835 1613 940 1677 eodem
966 1636 1068 1678 rerum
1093 1622 1189 1681 statu.

179 1734 217 1798 In
238 1733 378 1819 ltpistola
400 1731 464 1795 VII
487 1731 612 1795 consilia
628 1731 681 1794 dat
695 1732 804 1795 Dionis
822 1732 1020 1797 familiaribus
1036 1740 1191 1819 tanquam

181 1852 361 1929 victoribus,
386 1828 498 1934 quibus
519 1850 627 1915 suadet
650 1858 685 1914 ut
706 1850 859 1915 moderate
883 1874 953 1936 erga
974 1851 1072 1917 victos
1097 1877 1131 1919 se
1143 1878 1194 1941 ge·

179 1979 247 2035 rant
271 1978 300 2035 et
322 1977 403 2034 recte
426 1969 644 2054 rempublicam
664 1968 806 2033 ordinent
821 1971 862 2054 (p.
880 1972 944 2033 336
960 1969 1043 2034 Ε-
1056 1974 1123 2038 337
1139 1972 1193 2059 C);

174 2090 211 2154 in
245 2087 338 2152 VIIP
371 2088 508 2171 utrisque
543 2087 679 2173 partibus
714 2088 805 2172 longa
839 2089 1033 2153 contentione
1068 2089 1195 2156 lassatis

178 2207 323 2273 suadetur
346 2214 381 2270 ut
404 2230 456 2292 per
479 2206 731 2292 compositionem
754 2208 843 2270 finem
867 2207 981 2270 faciant
1000 2207 1075 2271 belli
1094 2210 1195 2275 civilis

180 2335 210 2390 et
240 2326 395 2390 communi
425 2347 481 2409 ope
511 2325 729 2410 rempublicam
760 2326 947 2390 constituant
978 2328 1017 2411 (p.
1047 2329 1114 2390 355
1140 2329 1194 2413 D).

179 2443 289 2527 Itaque
312 2443 385 2507 haec
409 2443 537 2527 epistola
560 2443 616 2506 etsi
635 2444 747 2529 scripta
763 2443 801 2507 ad
818 2443 925 2507 Dionis
942 2445 1071 2522 amicos,
1100 2446 1195 2510 desti·

180 2569 252 2625 nata
273 2569 373 2625 tamen
394 2568 438 2624 est
459 2567 494 2624 ut
512 2560 602 2625 etiam
619 2562 655 2626 ab
673 2562 781 2626 horum
797 2562 973 2626 adversariis
989 2570 1020 2626 et
1035 2585 1053 2626 a
1068 2567 1194 2630 cunctis

181 2680 297 2744 civibus
319 2680 486 2763 legeretur,
511 2678 594 2763 quod
616 2680 718 2765 ipsum
741 2681 863 2744 initium
884 2681 1059 2766 profitetur:
1080 2685 1194 2766 ἐλπίζω

181 2799 272 2877 δὀὐχ
303 2799 369 2871 ὑμῖν
391 2797 484 2873 μόνοις
506 2796 732 2875 ξυμβουλεύοειν
755 2799 795 2863 τοὶ
820 2797 1024 2881 ξυμφέροντοι,
1048 2800 1194 2877 μοέλιοτοέ

181 2939 219 2992 νε
248 2917 305 2994 μὴν
329 2917 412 2999 ὑμῖν,
436 2914 485 2980 aot
509 2915 642 2997 δευτέροις
666 2919 738 2981 τοῖσι
761 2924 819 2989 τοῖς
843 2920 871 2983 ἐν
894 2918 1110 3004 Συροικούσοιις,
1136 2924 1196 3014 τρί-

181 3057 237 3106 τοις
262 3034 291 3098 δὲ
315 3034 392 3112 ὑμῶν
414 3035 463 3100 aa}
487 3042 545 3106 τοῖς
569 3036 679 3115 ἐχθροῖς
702 3035 751 3099 not
776 3038 856 3120 (τοῖς)
880 3037 1035 3115 πολεμίοις.

226 3153 306 3237 Ergo
330 3160 452 3238 apparet
473 3152 566 3217 buius
589 3153 733 3239 epistolae
745 3153 826 3219 idem
843 3178 905 3220 esse
924 3164 1140 3240 argumentum
1159 3184 1195 3226 ac

97 3357 100 3367 Ι
182 3272 359 3356 superioria,
384 3270 436 3335 sed
459 3272 518 3334 alio
542 3271 632 3335 modo
655 3279 818 3336 tractatum
835 3281 866 3338 et
881 3273 1036 3358 aliquanto
1052 3275 1191 3360 plenius.

182 3391 294 3475 Aperte
328 3390 385 3453 hoc
420 3389 556 3454 indicant
590 3391 656 3475 ipsa
690 3392 835 3476 epistolae
869 3394 975 3471 verba,
1005 3394 1121 3478 quibus
1152 3400 1192 3466 ad

184 3511 312 3594 priorem
336 3510 493 3595 epistolam
518 3511 644 3574 lectores
668 3511 754 3595 quasi
776 3513 917 3592 remittit,
941 3537 971 3599 p.
995 3517 1059 3579 356
1076 3515 1122 3593 Β,
1146 3519 1190 3584 G:

182 3630 406 3703 κοιτωοτήοιιοθε
435 3629 530 3710 τρόπῳ
558 3628 611 3693 τινὶ
634 3630 746 3710 τοιῷδε,
771 3627 800 3702 ὃς
822 3631 929 3713 εἴρηται
953 3634 1005 3711 μὲν
1027 3633 1086 3698 aa}
1112 3639 1192 3717 πρό-

181 3771 276 3827 τερον
308 3747 385 3824 ὑμῖν,
415 3744 491 3824 ὅμως
513 3748 538 3811 δ’
559 3747 600 3813 ἐτι
624 3748 672 3812 nal
697 3755 744 3814 νῦν
766 3751 904 3815 ιὶκούετε.
930 3759 960 3816 et
983 3753 1188 3840 paulopost:

181 3865 228 3929 ἐπὶ
251 3865 360 3936 τούτοις
382 3872 518 3939 καλεῖτε,
542 3865 634 3946 ὥσπερ
654 3869 713 3932 κοιὶ·
738 3868 901 3948 πρότερον
924 3872 1032 3952 ἐρρήθη,
1049 3870 1191 3952 πρέσβεις

180 3980 225 4055 οὓς
256 3982 292 4046 ἂν
322 3984 473 4059 ἐθελήσωσι
501 3986 568 4050 κτὲ.
593 4009 669 4069 quae
693 3987 774 4052 dicta
796 3989 963 4073 respiciunt
986 3990 1025 4053 ad
1048 4015 1083 4056 ea
1106 4016 1189 4078 quae

180 4100 325 4186 leguntur
357 4101 452 4189 Epist.
481 4101 561 4182 VII,
592 4128 622 4191 p.
655 4108 716 4173 337
747 4107 789 4172 B:
822 4110 886 4181 τοὺς
917 4109 962 4185 δὴ.
978 4113 1189 4192 κριοτήοιιντιις
