2746 4950
638 327 678 387 al

158 535 315 598 dominum
347 558 378 597 se
410 535 554 618 gessisse,
583 555 671 596 nemo
699 533 860 597 mirabitur
879 535 932 617 qui
955 535 1072 618 legerit,
1086 558 1163 618 quae

154 655 328 717 referuntur
351 653 394 717 ab
412 653 569 716 Athenaeo
593 651 670 715 libro
695 651 743 714 XI
766 661 840 715 extr.

197 771 280 834 Huic
294 736 448 856 'epistolae
471 793 563 834 sensu
587 777 617 833 et
640 770 797 834 voluntate
821 771 910 855 plane
935 772 1086 835 contraria
1118 781 1163 834 cst

156 890 279 968 ultima,
300 889 402 952 XIII:
416 864 463 952 'ut
486 889 540 951 illa
562 888 752 972 implacabile
777 888 882 953 odium
905 890 1016 973 spirat,
1029 891 1073 953 ita
1089 891 1162 953 lraec

153 1011 292 1073 intimam
322 1008 440 1072 redolet
463 1007 717 1071 familiaritatem.
765 1008 805 1071 Et
830 1015 930 1072 tamen
955 1009 1060 1073 ambae
1083 1010 1162 1072 circa

152 1130 232 1193 idem
255 1138 376 1212 tempus
393 1128 522 1212 scriptae
538 1128 715 1212 finguntur,
740 1150 775 1191 eo
799 1128 914 1191 scilicet
930 1136 1081 1213 tempore,
1100 1151 1160 1211 qno

44 1297 47 1302 .
152 1249 240 1311 Plato
271 1248 310 1311 ob
341 1248 467 1332 inJurias
498 1247 593 1310 Dioni
624 1246 741 1324 illatas,
773 1254 894 1331 turpem
926 1247 1159 1331 relegationem,

151 1367 273 1430 vendita
296 1367 391 1443 bona,
416 1388 541 1429 uxorem
558 1365 644 1428 alteri
661 1364 781 1443 datam,
805 1366 997 1429 vehementer
1013 1365 1162 1450 Dionysio
1197 1391 1199 1394 ’

147 1468 287 1549 infensus
311 1493 398 1549 esset.
446 1484 556 1567 Itaque
579 1483 658 1547 duae
681 1484 738 1547 hac
761 1483 934 1568 Epistulae,
965 1484 982 1547 I
1005 1493 1035 1549 et
1058 1485 1158 1562 XIII,

150 1611 186 1668 ut
208 1605 287 1667 inter
310 1626 342 1667 se
357 1612 510 1687 pugnant,
535 1604 578 1666 ita
594 1626 666 1666 cum
682 1601 829 1687 Epistolis
845 1602 899 1665 III
921 1611 951 1666 ct
966 1603 1031 1666 VII
1046 1626 1158 1687 nequa·

153 1745 243 1806 quam
268 1728 452 1806 congruunt.

193 1841 333 1926 Epistola
356 1836 402 1903 IV
425 1840 538 1924 scripta
559 1846 605 1903 est
619 1839 729 1917 Dioni,
754 1862 850 1923 quum
867 1840 994 1925 expulso
1009 1840 1157 1926 Dionysio

149 1961 182 2022 in
215 1958 319 2023 Sicilia
353 1966 530 2022 versaretur.
578 1957 730 2021 Hortatur
764 1981 833 2021 eum
870 1965 904 2020 ut
938 1958 1092 2023 moderate
1124 1983 1156 2023 se

150 2085 235 2162 gerat
256 2077 289 2140 in
311 2076 439 2161 imperio
474 2082 570 2159 utque
605 2099 675 2139 cum
698 2076 917 2154 familiaribus,
941 2076 1103 2140 Heraclide
1127 2085 1157 2141 et

147 2196 314 2273 Theodoto,
331 2194 524 2260 concordiam
536 2202 643 2272 servet,
661 2195 896 2258 aemulationem
908 2194 993 2258 vitet.
1018 2195 1085 2259 Hac
1098 2195 1159 2280 epi·

147 2316 226 2379 stola
241 2315 325 2379 velut
338 2315 476 2398 exemplo
489 2314 668 2390 ostenditur,
687 2321 802 2398 quanta
813 2336 886 2377 cura
898 2313 987 2378 Plato
1001 2315 1157 2379 absentem

147 2434 279 2497 amicum
302 2440 333 2496 et
355 2432 541 2517 discipulum
565 2432 699 2496 consiliis
716 2439 842 2516 regeret.
868 2431 947 2496 Cum
964 2433 1106 2518 Epistola
1121 2432 1156 2496 II

147 2553 226 2615 hanc
249 2551 489 2614 convenientiam
513 2532 623 2627 babet,
648 2550 731 2634 quod
754 2551 916 2635 utriusque
940 2560 1153 2636 argumentum

147 2678 177 2734 et
200 2669 289 2733 stilus
312 2669 451 2733 redolent
474 2671 600 2747 μελενὴν
624 2669 822 2733 rhetoricam:
848 2669 943 2733 altera
956 2670 1154 2754 Dionysium,

147 2787 241 2851 altera
270 2787 402 2856 Dionem
433 2809 621 2852 summorum
650 2788 784 2851 virorum
816 2788 953 2873 exemplo
984 2789 1093 2852 incitat
1116 2788 1154 2852 ad

146 2908 291 2971 virtutem
314 2914 344 2971 et
366 2907 557 2971 honestatem
563 2933 572 2984 ;
597 2907 702 2970 eadem
724 2907 869 2971 iactantia
891 2909 924 2971 iu
940 2915 1070 2992 utraque
1086 2931 1154 2973 con-

148 3027 294 3111 spicitur,
327 3049 361 3090 ac
392 3027 505 3090 similes
536 3049 631 3110 paene
654 3026 821 3090 sententiae
843 3027 876 3090 in
898 3027 935 3091 iis
958 3027 1104 3112 leguntur
1121 3030 1154 3114 ¹).

146 3146 261 3210 Ambae
294 3145 350 3208 hae
389 3144 551 3230 epistolae,
590 3167 774 3228 quamquam
805 3167 909 3209 earum
943 3156 1155 3230 argumentum

144 3287 160 3328 e
191 3263 256 3327 VH
286 3264 374 3347 quasi
405 3287 420 3327 e
450 3263 605 3326 communi
636 3264 764 3327 armario
795 3263 989 3348 depromtum
1013 3264 1152 3343 videtur,

145 3391 247 3447 tamen
271 3381 416 3446 orationis
440 3382 539 3445 colore
563 3389 593 3446 et
615 3382 767 3445 tractandi
790 3383 908 3446 ratione
930 3383 1037 3446 multis
1059 3385 1153 3448 nomi-

146 3501 236 3565 nibus
259 3481 316 3564 hac
339 3500 495 3564 inferiores
519 3509 593 3564 sunt
615 3500 780 3565 habendae.
869 3478 873 3488 Ι

178 3831 201 3891 I)
219 3830 259 3879 Cf.
286 3830 331 3893 Ep.
350 3830 390 3888 ll,
409 3845 432 3893 p.
451 3830 500 3878 310
517 3831 552 3879 E:
579 3830 626 3882 αὕτ’
652 3833 716 3882 αὐτοὶ
740 3837 837 3894 ἀγνῶτές
862 3836 930 3895 ἐσμεν
952 3831 1021 3882 οὐδενὶ
1036 3831 1155 3904 Ἑλλήνων,

142 3923 186 3976 ὥθ’
201 3932 215 3984 ἡ
232 3929 333 3978 συνουσία
349 3931 411 3991 ἡμῶν
428 3936 521 3990 σιγᾶται
539 3931 585 3978 art.
611 3935 635 3975 et
657 3927 701 3991 Ep.
726 3927 768 3986 IV,
796 3943 819 3990 p.
850 3927 897 3975 320
922 3927 955 3975 C:
980 3934 1158 3994 ἀναμιμνήσκειν

141 4022 174 4072 δεῖ
190 4027 253 4085 ἡμᾶς
270 4025 350 4079 αὐτοὺς
367 4026 403 4073 ὅτι
421 4032 528 4090 προςήκει
551 4026 616 4074 πλέον
639 4027 653 4080 ἣ
676 4024 761 4074 παίδων
783 4030 826 4072 τῶν
848 4024 920 4072 ἄλλων
936 4028 1058 4091 ἀνθρώπων
1077 4026 1156 4090 διαφέ-

141 4137 190 4185 ρειν
209 4118 259 4174 τοὺς
275 4118 340 4169 οἶσθα
357 4119 436 4175 δήπου.
