2746 4950
673 334 713 394 74

187 536 248 597 ίιιιιι
276 542 330 599 σοι
354 538 454 600 bonum
478 543 530 600 οιιι
552 539 659 601 ιιισίανιι
681 538 808 602 auctius
830 547 873 603 est
890 541 1023 605 momenti
1041 543 1108 606 ιιιίἰ
1127 547 1207 628 qood

187 656 229 717 ad
258 654 385 718 animum
412 655 560 738 pertinet:
590 678 644 741 pro
673 655 803 741 simplici
826 657 884 721 hoo
906 658 1068 723 enuntiato
1094 661 1203 746 posuit

186 772 373 837 antitheton:
398 775 429 837 οὐ
452 781 509 845 τοῖς
531 774 678 854 ἀψύχοις,
701 776 786 840 ἀλλά
808 785 845 857 τῇ
867 783 964 858 ψυχῇ.
999 774 1090 857 Quid
1107 779 1202 864 signi·

185 891 256 954 fioat
285 897 343 963 τοῖς
374 891 526 972 ἀψύχοιςι)
553 892 687 978 lapides,
711 893 831 979 plantas
854 917 894 960 an
916 894 1006 959 bruto
1028 896 1201 962 animalis?

185 1009 265 1073 Tum
294 1019 331 1091 πῇ
360 1017 447 1093 ψυχῇ
475 1011 560 1076 addit
585 1012 644 1077 είτε
666 1013 746 1088 oeric
769 1013 903 1089 σώματος
921 1012 994 1107 δοιίση
1015 1012 1077 1079 εἴτε
1104 1039 1201 1096 κεχω-

185 1128 301 1211 ρισμένη
332 1130 402 1214 (ἀπὸ
433 1131 596 1216 σώματος)ι
625 1132 716 1197 etism
738 1132 813 1197 haoo
836 1131 986 1197 antitheto
1008 1132 1059 1197 hio
1084 1156 1198 1220 porum

185 1255 271 1333 opto:
306 1271 376 1313 nam
407 1249 465 1313 hoo
495 1249 700 1315 demonstrare
731 1250 816 1329 vult,
834 1257 904 1334 post
925 1256 1043 1314 ιιιοιιοιιι
1068 1251 1198 1318 domum

185 1375 357 1451 separatum
380 1391 397 1432 a
420 1391 544 1454 corpore
567 1370 704 1434 animum
726 1370 807 1434 bona
829 1370 877 1433 vel
898 1369 979 1434 mols
998 1370 1073 1455 pati.
1123 1371 1198 1436 Pro·

184 1484 305 1569 gredior
327 1486 365 1550 ad
388 1487 529 1552 ultimam
552 1488 727 1573 periodum:
752 1483 788 1553 ὧν
811 1490 845 1563 δίη
866 1489 1094 1572 φιλοχρήματος
1115 1498 1195 1570 oet,

185 1625 262 1688 quoe
293 1613 356 1668 torn
385 1605 532 1691 impedito
554 1613 600 1670 est
622 1606 783 1670 vorborum
807 1605 950 1691 ampullis
971 1612 1100 1691 tamque
1125 1631 1195 1674 oon-

184 1721 269 1801 fusa,
301 1731 338 1787 ut
367 1723 488 1788 difficile
518 1724 559 1789 sit
588 1746 711 1789 sonsum
738 1746 852 1789 eruore.
899 1723 1096 1790 constructio
1121 1727 1196 1808 talis

184 1864 248 1906 osse
279 1842 418 1906 videtur:
444 1838 480 1908 ὦν
511 1844 564 1928 (so.
596 1844 673 1924 ίερῶι
700 1843 806 1928 λόγων)
835 1845 1099 1926 ἀφιλοχρηματος
1124 1849 1196 1925 ἀνὴρ

178 1960 269 2036 ,πένης
289 1985 322 2025 τε
341 1963 392 2036 πίιν
410 1964 513 2043 ψυχὴν
535 1962 595 2028 οὔτ’
613 1963 726 2037 ἀκούει,
746 1962 795 2026 ἐὰν
815 1961 976 2044 τ’ἀιιοιίση,
992 1970 1194 2042 καταγελῶν,

182 2082 219 2152 ὡς
241 2080 347 2163 οίεπαι,
369 2079 500 2160 ιιαίάπερ
522 2082 608 2162 θηρίον
625 2079 748 2160 ἀρπάζει
767 2080 889 2152 ἀναιδῶς
904 2080 1093 2161 πανπάχοίεν
1110 2086 1193 2165 πῖον,

182 2197 200 2264 δ’
226 2224 254 2264 τι
282 2224 335 2281 περ
358 2197 394 2265 ἀν
417 2199 509 2274 οίηπαι
533 2207 635 2281 ποριεῖν
659 2201 738 2280 αὑπῷ
760 2205 873 2281 φανεῖν
895 2199 913 2276 ἢ
935 2199 1044 2275 πιείνῆ
1068 2203 1102 2266 πδ
1127 2202 1194 2283 περὶ

181 2321 233 2393 πίον
255 2318 453 2398 ἀνδραποδώδη
475 2317 523 2383 καί
546 2316 705 2398 ἀχάρισπον
728 2317 824 2394 ἡδονὴν
839 2317 1011 2401 (ἀφροδίσιον
1026 2319 1194 2397 λεγομένην

181 2438 231 2500 οὐκ
253 2439 344 2522 ὀρθῶς)
370 2439 412 2515 μη
432 2438 632 2513 πίμπλασθαι.
648 2437 669 2500 i.
686 2459 711 2501 o.
728 2459 859 2514 „avarus
875 2435 964 2500 effata
978 2435 1031 2500 illa
1046 2435 1195 2504 deridens

182 2579 205 2619 s
237 2563 448 2634 contemnens,
477 2557 688 2641 inopinatus,
712 2555 848 2640 undique
871 2555 1065 2640 impudenter
1092 2560 1193 2644 rapit,

182 2675 261 2739 siout
287 2675 407 2752 bellna,
432 2675 583 2761 quidquid
606 2683 697 2761 putat
719 2675 777 2739 sibi
800 2674 995 2761 suppeditare
1018 2675 1113 2761 dapes
1137 2686 1197 2742 sut

179 2793 319 2878 potiones
342 2794 466 2877 (φαγεῖν
489 2793 506 2870 ἢ
529 2796 615 2878 πιεῖν)
638 2800 691 2857 aut
714 2793 831 2857 veneris
847 2793 1003 2877 voluptate
1019 2793 1193 2861 insatiabili
1233 2795 1237 2806 '

179 2910 271 2975 frui.''
289 2935 295 2951 ’
316 2910 503 2976 obversatus
535 2919 581 2976 ost
603 2911 744 2996 scriptori
766 2911 851 2975 loous
874 2909 1063 2988 Phaedonis‚
1088 2936 1120 2998 p.
1146 2917 1190 2980 81

180 3030 223 3109 Β,
257 3031 310 3095 ubi
339 3032 354 3095 ὁ
376 3030 582 3113 φιλοσώματος
605 3029 801 3107 describtio,
824 3030 858 3093 in
881 3051 973 3113 quom
995 3030 1055 3094 ists
1076 3031 1192 3097 molius

180 3171 252 3212 sono
275 3156 449 3233 congruunt
472 3171 564 3233 quam
586 3149 619 3212 in
641 3150 881 3229 φιλοχρήματον
906 3148 996 3226 huio,
1017 3149 1060 3212 oit
1077 3148 1189 3229 Plato,

178 3266 257 3331 nihil
280 3266 486 3332 videturesse
512 3289 617 3331 verum
640 3274 671 3331 et
693 3267 827 3332 solidum
851 3269 922 3331 ἀλλ’
947 3267 1013 3343 ἢπδ
1028 3291 1191 3344 σωματοει-

179 3385 240 3467 δὲς,
272 3381 304 3450 οὗ
331 3409 376 3455 τις
405 3384 441 3449 ἀν
472 3382 583 3464 ἅψαιτο
612 3384 662 3449 καί
685 3383 736 3449 ίδοι
759 3385 807 3449 καί
831 3386 902 3449 πίοι
922 3385 970 3449 καί
994 3385 1111 3468 φάγοι
1135 3388 1187 3452 καὶ

178 3505 258 3585 πρὸς
288 3504 500 3586 τάφροδίσια
528 3504 680 3584 χρήσαιτο.
727 3502 862 3588 Scriptor
894 3526 965 3568 voro
994 3515 1097 3569 noster
1128 3528 1186 3571 un-

177 3622 270 3706 dique
312 3622 518 3707 conquirendo
556 3621 647 3686 verba
683 3622 795 3706 quibus
833 3622 1032 3707 amplificetur
1067 3625 1184 3704 oratio,

176 3741 326 3806 tumidam
349 3764 414 3806 eom
438 3748 468 3805 et
491 3723 816 3805 obscurom'reddidit.
851 3739 992 3805 Otiosum
1017 3741 1049 3805 h.
1065 3742 1086 3805 l.
1102 3742 1184 3807 illud

177 3860 263 3935 πένης
282 3886 315 3926 σε
333 3863 385 3935 την
404 3861 516 3941 ψυχήν.
548 3859 628 3923 Tum
647 3859 773 3924 offendit
793 3860 980 3945 geminatum
1000 3861 1104 3936 οίεται,
1130 3864 1184 3939 οίη-

176 4004 244 4057 σαι,
264 4002 393 4064 quorum
410 3980 512 4065 prins,
528 3980 565 4050 ὡς
580 3975 686 4055 οἴεται,
700 3999 761 4061 quo
773 3978 872 4043 voleat
883 3978 1105 4043 subobscurum
1117 3990 1165 4047 ost
1172 4008 1182 4061 ρ

176 4097 249 4162 licet
271 4098 418 4183 suspicari
448 4119 517 4162 eum
548 4097 605 4160 hoo
632 4097 781 4163 voluisse:
804 4097 987 4176 „deridens‚
1010 4105 1046 4162 ut
1071 4109 1180 4185 putat,
