2746 4950
661 366 721 426 135

185 570 325 635 Platonis
349 571 611 634 commorationem
637 571 669 634 in
692 572 784 635 huius
816 571 886 636 1111
908 578 1054 656 tanquam
1081 596 1188 659 parum

184 689 384 753 honorificam
407 689 528 761 silentio
548 689 733 774 praeteriret.
769 687 838 751 Nisi
861 690 1045 754 contrarium
1068 691 1124 754 hac
1149 691 1187 756 de

183 831 218 872 re
241 814 371 871 exstaret
393 807 601 871 testimonium
628 808 721 891 (Plut.
746 807 837 871 Dion.
865 810 922 892 5.),
940 808 1074 872 crederes
1090 817 1190 894 tyran·

183 949 260 990 num
283 926 405 990 Platoni
428 949 465 988 11
487 926 520 989 11
543 933 737 1010 conspectum
765 924 886 1009 quidem
910 927 1037 990 venisse.
1085 928 1188 992 Unum

183 1043 401 1109 commembrat
422 1045 569 1122 Dionem,
594 1045 681 1108 cuius
704 1044 861 1129 ingenium
885 1044 998 1122 docile,
1023 1047 1115 1110 animi
1137 1049 1189 1112 ho·

183 1171 347 1242 nestatem,
371 1163 570 1248 fragilitatem
593 1170 624 1228 et
646 1164 863 1228 continentiam
883 1165 990 1230 eximie
1005 1165 1125 1244 laudat,
1150 1167 1188 1231 ob

183 1305 261 1366 quas
292 1283 437 1359 virtutes,
469 1282 527 1359 ait,
560 1281 771 1362 ἕποιχθέστερεν
800 1289 859 1353 τοῖς
885 1283 948 1362 περὶ
974 1284 1189 1364 1111111111κὰ

182 1401 295 1480 νόμιμοι
325 1400 407 1482 ζῶσιν
437 1401 507 1478 ἐβίω
538 1399 627 1482 alypi
656 1407 707 1465 τοῦ
735 1398 858 1466 traduco
886 1408 936 1466 τοῦ
960 1402 1021 1481 περὶ
1046 1402 1189 1468 Διονύσιον

182 1520 336 1599 γενομένου
367 1521 408 1604 (p.
440 1515 502 1585 327
535 1520 583 1603 B).
630 1518 714 1583 Haec
744 1519 847 1603 legens
880 1520 947 1604 quis
978 1543 1040 1585 non
1063 1530 1185 1606 putaret

184 1639 314 1704 Dionem
349 1638 387 1702 ob
414 1660 532 1701 morum
566 1637 754 1701 severitatem
778 1645 905 1721 tyranno
929 1645 959 1702 et
982 1639 1089 1703 aulicis
1112 1640 1187 1703 invi·

182 1780 251 1822 sum
282 1758 314 1820 in
344 1757 427 1840 regia
456 1755 636 1819 delituisse?
650 1756 674 1839 l)
724 1757 766 1819 At
796 1756 851 1819 hac
883 1779 1005 1839 quoque
1035 1743 1068 1820 in
1104 1765 1188 1842 parte

182 1877 314 1960 scriptor
344 1875 447 1939 studio
478 1874 588 1939 ductus
619 1898 637 1938 a
666 1897 736 1938 vero
760 1874 891 1938 deflexit.
929 1876 1084 1940 Discimus
1107 1877 1188 1940 enirn

182 2019 199 2059 e
230 1993 396 2059 Plutarcho
427 1993 459 2056 11.
492 2001 522 2057 11
552 2016 569 2057 1
599 1992 719 2077 Nepote
742 1987 845 2076 (Dion'.
869 2016 894 2057 c.
922 1995 970 2078 l),
995 1994 1124 2058 Diouem
1149 1995 1187 2059 ob

183 2114 300 2198 ingenii
328 2121 359 2176 11
381 2135 500 2177 morum
523 2113 738 2197 praestantiam
762 2112 844 2196 apud
867 2112 1048 2197 Dionysium
1072 2135 1189 2198 semper

181 2235 216 2297 in
240 2233 354 2296 honore
376 2232 486 2295 fuisse:
516 2231 619 2294 aderat
642 2231 669 2294 ei
691 2231 809 2315 magnis
833 2232 865 2294 iu
888 2231 996 2309 rebus;
1020 2231 1186 2316 legationes

182 2376 287 2417 omnes
306 2351 495 2415 illustriores.
508 2350 691 2436 suseipiebat
700 2377 708 2428 ;
723 2357 753 2414 et
769 2373 865 2434 quum
881 2351 932 2414 alii
948 2361 1036 2415 caute
1053 2360 1082 2415 et
1098 2353 1185 2416 anxie

180 2473 215 2535 in
242 2470 364 2555 tyranni
386 2469 554 2554 praesentia
577 2469 758 2533 sententiam
781 2491 868 2532 suam
891 2469 1074 2554 proferrent,
1106 2492 1186 2534 unus

181 2592 234 2654 ille
263 2591 387 2674 impune
418 2612 536 2653 summa
566 2589 710 2652 utebatur
740 2587 859 2651 dicendi
889 2587 1037 2652 libertate.
1084 2591 1186 2671 Atque

181 2712 256 2774 haec
286 2731 364 2793 quae
394 2731 412 2771 a
439 2707 604 2771 Plutarcho
627 2714 659 2770 et
680 2705 801 2791 Nepote
823 2706 988 2771 traduntur
1000 2708 1023 2791 2)
1046 2730 1115 2770 eum
1144 2731 1188 2771 re·

181 2831 267 2913 liqna
288 2829 398 2892 Dionis
421 2828 484 2891 vita
506 2834 537 2891 11
553 2827 635 2890 victu
650 2827 694 2890 ita
709 2826 913 2904 consentiunt,
930 2835 966 2891 ut
982 2827 1019 2890 de
1035 2826 1185 2890 dictorum

182 2948 241 3013 fide
265 2947 400 3012 dubitari
422 2953 564 3030 nequeat.

226 3182 328 3245 Prima
355 3181 531 3246 excursione
554 3181 586 3245 in
609 3181 715 3245 urbem
742 3180 959 3265 Syracusarum
985 3181 1112 3266 carptim
1128 3204 1187 3245 me·

183 3309 312 3378 morata,
337 3299 374 3363 ad
400 3300 525 3364 alteram
540 3300 664 3364 festinat
679 3300 816 3384 scriptor,
841 3300 950 3384 viginti
966 3301 1084 3364 circiter
1099 3300 1185 3364 aunis

183 3427 253 3505 post
274 3419 402 3495 factam,
423 3440 476 3502 per
491 3418 573 3501 quod
589 3419 732 3502 temporis
747 3418 941 3482 intervallum
956 3418 1044 3482 Plato
1057 3418 1186 3482 Athenis

184 3539 318 3603 scholam
342 3537 461 3622 aperuit
484 3544 515 3600 et
536 3537 579 3601 ibi
601 3543 702 3600 totum
726 3560 758 3601 se
781 3538 992 3623 philosophiae
1014 3537 1107 3601 dedit.

219 3769 242 3828 1)
261 3768 299 3816 ra
317 3771 387 3833 puta
404 3767 491 3825 erote,
509 3766 562 3815 voi.
579 3765 627 3824 11,
645 3783 669 3830 p.
687 3767 726 3816 eo.
775 3730 776 3734 ¹

217 3863 241 3924 2)
263 3862 342 3926 Nepos
360 3862 416 3912 haec
435 3866 516 3911 111111
531 3861 597 3926 quasi
615 3862 676 3911 facta
693 3866 749 3911 1111
765 3862 872 3911 Platonis
888 3862 1029 3920 adventum
1047 3877 1120 3924 quum
1130 3877 1185 3908 vero

185 3966 238 4009 tum
262 3959 348 4023 viginti
371 3964 466 4009 tantum
482 3976 556 4008 annos
573 3963 642 4008 11111
659 3962 733 4026 esset,
750 3959 831 4023 potius
848 3959 990 4008 sumendum
1007 3963 1043 4007 est
1060 3974 1113 4007 cum
1132 3958 1187 4006 Plu-

184 4054 279 4113 tarcho,
294 4071 348 4103 eum
365 4058 420 4117 post
437 4053 545 4102 Platonis
561 4039 733 4117 profectionem
750 4053 792 4102 illa
808 4054 887 4103 officia
903 4059 1004 4117 tyranno
1024 4053 1168 4118 praestitisse

184 4155 212 4204 ut
229 4153 293 4201 11111
309 4149 477 4201 animadvertit
493 4148 630 4221 Nipperdey
647 4149 677 4198 ad
692 4149 780 4214 Nepet.
797 4149 868 4198 Dion.
886 4164 908 4214 p.
927 4147 966 4199 72.
1003 4173 1005 4177 ·
