2746 4950
609 345 618 361 “
654 365 715 423 251

656 571 713 634 IX.

226 807 399 900 Itejioienda
423 817 468 871 est
491 809 672 891 Sohwegleri
687 810 876 893 conjectura,
890 808 1002 871 Romae
1018 818 1087 892 post
1102 828 1187 889 reges

183 938 302 990 exactos
331 950 392 990 non
416 929 520 991 statim
544 928 604 991 duo
632 929 771 992 consules
787 937 936 1004 ,foreatom
962 915 1107 990 sedante
1131 926 1187 987 hos

181 1046 342 1129 imperium
386 1046 527 1109 dictatori
569 1046 763 1110 commissum
795 1070 859 1110 esse
894 1045 1041 1130 opinanti.
1099 1043 1186 1106 Rom.

183 1164 293 1226 Gesoh.
311 1163 362 1242 H,
388 1189 418 1249 p.
454 1167 504 1229 79.

664 1430 704 1493 X.
754 1414 759 1426 .

228 1696 328 1760 Nimis
357 1697 486 1780 benigne
509 1664 551 1759 de
578 1697 721 1772 Romanis
742 1697 861 1782 judicat
884 1698 1072 1774 Mommsen,
1094 1719 1189 1780 quum

184 1816 342 1880 contendit
370 1839 420 1878 eos
451 1817 567 1879 sincera
589 1817 746 1880 voluntate
770 1824 800 1879 et
823 1817 925 1880 studio
948 1823 1078 1880 veterem
1102 1815 1190 1878 liber-

184 1935 257 1997 tatis
282 1944 395 2032 statum
420 1935 542 1998 Graecis
567 1935 744 1999 reddidisse.
780 1935 867 1999 Rom.
887 1936 997 2000 Gesoh.
1014 1935 1048 2012 I,
1066 1958 1095 2018 p.
1116 1935 1189 1997 706.

656 2202 713 2266 XI.

195 2506 197 2510 -
227 2467 338 2552 Legem
358 2467 525 2532 Voconiam
541 2491 613 2546 non,
627 2477 662 2532 ut
678 2470 838 2554 Zumptius
855 2477 954 2554 putat,
973 2493 999 2532 a.
1017 2492 1043 2531 a.
1062 2467 1096 2531 O.
1113 2471 1189 2544 174,
1239 2487 1241 2490 ⁴
1345 2537 1347 2549 .

185 2587 238 2649 sed
276 2590 337 2649 169
363 2587 455 2651 latam
473 2610 536 2651 esse
560 2611 677 2652 censen.
714 2589 833 2674 Zumpt.
863 2589 900 2652 ad
923 2587 1010 2651 Veri.
1033 2587 1068 2664 I,
1091 2611 1115 2650 o.
1136 2590 1188 2650 41.

648 2853 722 2917 XII.

226 3116 317 3201 Legis
341 3119 489 3185 „Valeriae
511 3120 657 3184 Horatiae
680 3144 740 3198 „ne
764 3122 832 3204 qnis
856 3121 956 3185 ullum
978 3122 1188 3205 magistratum

183 3236 247 3300 sine
272 3239 482 3320 provocatione
506 3239 640 3302 crearet”
656 3239 733 3323 (Liv.
758 3239 827 3319 III,
851 3242 903 3323 55)
926 3241 959 3303 in
983 3263 1074 3303 causa
1097 3239 1190 3303 dicta-

182 3356 256 3418 toris
279 3357 426 3420 rationem
449 3357 584 3421 habitam
608 3381 672 3422 esse
695 3381 783 3442 nego,

642 3624 734 3727 xm.

228 3887 422 3972 Quamquam
446 3889 555 3954 Satura
577 3891 714 3955 Romana
736 3891 853 3954 diversa
877 3897 923 3952 est
950 3889 1091 3953 asebnia
1107 3889 1191 3974 Saty-

183 4006 245 4068 riea
261 4005 464 4086 Graecorum,
483 4009 542 4073 fuit
557 4018 658 4073 tamen
671 4011 751 4078 inter
768 4009 855 4075 ambo
872 4015 935 4073 tam
950 4009 1081 4074 nominis
1098 4031 1189 4098 qnam

184 4124 295 4191 indolis
318 4128 519 4196 necessitudo.
