2746 4950
659 319 721 379 222

181 522 218 586 ab
242 522 406 586 Aristotele
429 529 635 588 memorantur
658 525 689 588 αἱ
712 527 920 605 γεγραμμέναι
940 526 1111 610 διαιρέσεις,
1126 528 1156 592 h.
1168 552 1191 592 e.

180 641 358 725 partitiones
396 640 594 706 animantium
632 642 665 706 in
703 643 859 726 aquatica,
899 646 1078 724 terrestria,
1115 649 1192 711 atria

180 758 239 843 (De
271 767 348 844 part.
383 761 482 838 anim,
511 760 545 838 I,
575 763 616 846 2).
631 761 655 845 ¹)
701 760 809 829 Fuerit,
840 763 935 847 igitur
970 763 1101 829 libellus
1128 788 1191 829 nos

180 887 227 942 ter
264 880 352 963 quasi
382 879 575 964 technologia
605 881 753 964 quaedam
777 882 1003 968 philosophica,
1029 887 1189 951 continens

180 997 371 1062 definitiones
402 998 620 1064 vocabulorum
653 999 691 1064 ad
722 999 896 1080 dialectica,
921 1001 1044 1095 ethica,¹
1065 1004 1190 1090 physica

180 1116 416 1201 pertinentium,
441 1119 503 1181 sive
526 1140 541 1182 e
564 1117 702 1183 Platonis
726 1120 913 1185 sermonibus
937 1121 1000 1184 sive
1024 1145 1041 1186 e
1060 1121 1190 1209 dialogis

180 1235 370 1321 depromtas,
402 1238 490 1301 cuius
522 1239 640 1322 generis
671 1237 831 1324 Sophiste,
855 1239 1022 1319 Philebus,
1046 1240 1190 1307 Timaeus

180 1355 253 1418 satis
284 1377 425 1439 magnam
456 1357 574 1441 copiam
606 1357 812 1442 suppeditant.
858 1357 1007 1443 Exempla
1037 1361 1134 1425 modo
1156 1384 1190 1426 ex

181 1473 343 1537 Aristotele
366 1475 484 1558 prolata
506 1496 576 1538 cum
599 1475 655 1539 hac
678 1476 879 1561 explicatione
910 1476 1001 1562 plane
1026 1479 1189 1561 quadrant.

180 1589 258 1654 Eece
292 1614 362 1655 vero
398 1591 520 1676 longam
563 1592 737 1663 huiusmodi
771 1595 969 1678 partitionum
1006 1597 1121 1660 seriem
1155 1597 1191 1660 ad

180 1708 296 1787 ethica,
321 1708 463 1794 politica,
480 1709 638 1775 dialectica
646 1760 655 1789 ,
680 1710 831 1775 rhetorica
847 1712 966 1796 aliaque
982 1716 1191 1798 spectantium

180 1829 267 1892 offert
289 1828 377 1893 nobis
400 1828 541 1893 Laertius
564 1830 596 1892 in
620 1828 693 1893 Vita
715 1830 866 1910 Platonis,
894 1829 962 1908 HI,
986 1833 1003 1916 b
1023 1835 1190 1898 80-109.

179 1948 293 2034 Incipit
324 1947 371 2010 his
402 1948 520 2013 verbis:
554 1952 649 2031 Διῄρει
678 1949 705 2013 δὲ
729 1951 753 2032 (c‘
780 1951 933 2032 Πλάτων),
953 1952 1058 2033 ,Φησδι
1082 1953 1098 2015 o‘
1122 1956 1193 2033 Ἀρι-

179 2067 335 2150 eccetan»,
360 2072 408 2131 acl
433 2068 473 2132 ‘rei
490 2069 660 2149 πράγματα
676 2074 774 2133 ταῦτα
790 2068 837 2133 τὸν
853 2069 968 2147 τρόπον,
986 2078 1017 2132 et
1034 2070 1193 2136 clauditur

180 2187 283 2250 hisce:
318 2183 370 2251 ὧδε
396 2186 446 2250 καὶ
477 2187 517 2250 τα
547 2191 648 2270 Ιπρῶτα
682 2186 764 2268 διῄρει
796 2188 878 2251 κατα
901 2187 949 2251 τὸν
972 2191 1211 2267 'inploraban-

179 2303 336 2369 Habemus
359 2304 454 2388 igitur
477 2302 555 2381 hio,
569 2303 735 2367 secundum
759 2303 944 2388 Diogenem,
971 2305 1075 2388 ipsum
1101 2307 1190 2371 illum

179 2420 292 2486 librum
321 2422 477 2502 διαιρέσεων
509 2443 599 2505 quem
626 2422 659 2484 in
682 2421 821 2485 manibus
845 2419 952 2486 hahuit
983 2424 1188 2503 Aristoteles;

178 2539 313 2604 dubitari
343 2550 443 2604 tamen
467 2540 574 2624 nequit
596 2562 658 2602 non
682 2563 746 2603 esse
761 2562 918 2624 germanas
934 2541 1007 2604 istas
1023 2541 1187 2626 διαιρέσεις,

178 2659 231 2723 sed
254 2681 303 2722 eas
327 2660 429 2745 potius
453 2681 528 2743 quas
551 2660 706 2723 volenlentes
730 2657 808 2722 dixit
825 2657 1016 2738 Alexander,
1037 2663 1092 2745 qui
1108 2662 1185 2728 liber

178 2776 334 2861 aliquanto
358 2787 492 2861 tempore
516 2784 585 2861 post
608 2776 775 2860 Diogenem
800 2780 887 2860 (saec.
912 2780 1000 2863 Al⁰Je
1023 2779 1180 2844 doctorum

178 2896 319 2959 manibus
357 2896 530 2972 evanuerit,
567 2903 603 2960 ut
632 2894 838 2980 Philoponum
862 2895 967 2975 modo,
981 2897 1177 2972 audiebamus

176 3023 354 3092 testantem,
387 3038 482 3099 quum
513 3037 568 3078 sua
598 3023 696 3078 aetate
718 3037 757 3078 ne
780 3015 1029 3078 commentarium
1059 3015 1173 3100 quidem

176 3133 234 3197 hoo
258 3131 349 3196 titulo
373 3133 524 3196 exstitisse
547 3131 674 3196 affirmat
699 3135 802 3216 (supra
825 3156 854 3217 p.
880 3135 966 3216 219).

221 3251 344 3315 Praeter
367 3252 510 3331 διαιρέσεις
542 3252 575 3314 in
605 3250 744 3335 Epistola
774 3249 857 3313 XIII
887 3253 979 3314 ctiam
1010 3251 1119 3316 mentio
1137 3249 1189 3326 ht

176 3377 230 3436 τῶι
245 3370 465 3455 ζΠυθαγορειίιι.
524 3369 608 3449 Quid
637 3369 820 3454 intelligitur
851 3369 907 3431 hoo
938 3369 1053 3432 titulo?
1091 3365 1213 3453 CreQ

178 3497 278 3575 posset
301 3489 463 3574 significari
486 3488 622 3553 Platonis
646 3488 822 3564 Timaeum,
846 3488 879 3551 in
902 3509 964 3570 quo
980 3488 1101 3573 dialogo
1115 3486 1223 3573 plkff.

176 3606 322 3692 losophus
349 3607 400 3670 ille
423 3607 647 3692 Pythagoram,
673 3608 760 3670 ouius
783 3606 905 3669 nomine
929 3607 1095 3691 inscriptus
1120 3624 1224 3677 esa

177 3728 288 3812 primas
312 3727 375 3809 agit
399 3734 514 3810 partae,
540 3724 796 3809 quemadmodum
812 3724 904 3788 ceteri
920 3724 1050 3808 dialogi,
1068 3728 1101 3789 in
1117 3728 1231 3806 (113³

211 4013 234 4073 l)
254 4014 304 4061 Hoc
326 4014 378 4061 loeo
402 4013 526 4076 Speusippi
549 4014 680 4082 διαιρίσιις,
705 4028 764 4076 quae
787 4029 800 4060 a
822 4012 917 4060 Iatrtio
942 4013 1004 4063 inter
1022 4013 1094 4064 huius
1110 4008 1231 4080 ιιΡΞ-

177 4108 293 4167 oitantur,
312 4109 438 4172 significari
455 4124 579 4172 perperam
597 4108 699 4171 conjecit
717 4109 848 4157 Suckovius
865 4108 881 4156 l.
899 4108 915 4157 1.
