2746 4950
660 338 703 398 44

182 542 214 604 in
245 541 329 605 libris
359 541 397 606 de
427 540 579 626 Legibns;
611 543 664 606 sed
694 542 767 607 talia
797 543 1004 608 additamenta
1037 550 1075 607 ut
1098 546 1191 630 parce

156 724 165 749 ι
181 682 236 723 neo
258 660 447 724 incommode
463 660 598 725 adhibite
614 662 752 746 placent,
769 662 812 725 ita
827 662 910 747 large
926 661 1021 726 effusa
1038 685 1188 728 nauseam

181 786 302 842 movent
325 787 355 843 et
377 779 553 857 imitatoria,
581 802 643 843 non
666 781 800 864 germani
824 780 946 847 artificis
968 803 1097 845 manum
1121 803 1190 866 pro·

179 896 266 961 dunt.
302 896 496 982 Quantopere
519 905 621 962 noster
640 898 672 961 in
687 921 745 962 usu
762 898 853 963 huius
870 899 950 963 vocis
967 898 1025 963 sibi
1042 899 1187 984 placeat,

179 1017 283 1101 paneis
306 1016 450 1101 exemplis
472 1016 656 1081 monstrabo.
680 1040 710 1102 p.
735 1021 799 1081 324
822 1017 866 1081 Il:
891 1020 1049 1100 Σωκράτη,
1076 1015 1107 1082 ὃν
1129 1019 1188 1096 ἐγὼ

178 1136 283 1216 σχεδὸν
304 1138 353 1200 οὐκ
376 1135 412 1200 ἂν
435 1136 625 1216 αἰσχυνοίμην
648 1136 732 1200 εἰπὼν
755 1136 933 1202 δικαιότατον
949 1133 1021 1201 εἶναι
1036 1142 1095 1201 τῶν
1109 1136 1188 1202 τότε.

178 1278 207 1340 p.
220 1232 294 1320 '347
321 1254 362 1318 O:
386 1258 473 1319 ταῦτ’
496 1256 605 1335 ἐρρήθη,
631 1260 731 1320 ταῦτα
753 1254 1052 1338 ξυνωμυλυγήυυμεν,
1077 1258 1117 1328 ὡς
1139 1263 1188 1321 νῦν

178 1372 284 1454 alperto
307 1373 421 1454 σχεδὸν.
446 1397 475 1459 p.
500 1375 562 1464 350
581 1375 627 1437 D:
644 1375 705 1439 οὔτ’
719 1370 764 1440 οὖν
780 1374 893 1449 attalae
909 1373 969 1455 ἔχω
981 1373 1187 1454 ξυμπυλεμεῑν

178 1493 220 1558 ἔτι
243 1493 346 1573 σχεδὸν
369 1492 547 1578 abbavillp.
572 1493 670 1573 VIII,
696 1519 725 1581 p.
750 1496 812 1559 357
830 1494 873 1558 Β;
891 1491 911 1559 ἓν
927 1493 986 1574 γὰρ
1000 1543 1007 1557 .
1022 1545 1030 1560 .
1045 1544 1052 1559 .
1065 1495 1189 1573 ἑτοίμως

178 1611 260 1692 ἔχει,
291 1617 391 1676 roera
425 1612 454 1675 δὲ
487 1611 592 1692 σχεδὸν
621 1614 635 1676 0‘
665 1614 759 1692 κρίνων
789 1613 921 1678 ἀδύνατον
951 1614 1002 1676 οὐκ
1023 1609 1056 1678 εὖ
1078 1619 1186 1694 Φρονεῖ.

177 1730 216 1794 In
243 1730 383 1795 omnibns
412 1730 458 1794 his
485 1731 558 1795 loeis
581 1732 685 1811 σχεδὸν
709 1731 798 1816 friget
821 1731 869 1796 vel
891 1731 1031 1818 ineptum
1054 1739 1112 1795 est.
1149 1730 1187 1795 In

176 1849 233 1935 Ilp.
257 1848 338 1927 VH,
362 1872 392 1934 p.
414 1852 476 1912 329
495 1849 661 1934 Ologitur:
678 1849 745 1927 μηνὶ
762 1850 791 1915 δὲ
808 1849 937 1930 σχεδὸν
953 1848 1035 1920 ἴσως
1053 1849 1188 1930 τετάρτῳ

176 1968 273 2034 Δίυνυ
285 1968 428 2039 Διονύσιος
440 1967 591 2046 ἐξέβαλεν.
611 1968 727 2033 Ambae
739 1969 796 2032 hae
809 1955 895 2032 voees
904 1970 1079 2054 junguntur
1091 1969 1187 2034 etiam

177 2086 259 2171 apud
288 2086 460 2164 Platonem,
492 2094 528 2151 ut
556 2087 589 2150 in
619 2086 711 2172 Soph.
743 2110 773 2172 p.
806 2089 869 2150 253
903 2085 944 2150 0:
968 2091 1028 2178 πῶς
1051 2085 1114 2166 γὰρ
1138 2089 1190 2152 οὐκ

177 2205 339 2283 ἐπιστήμης
363 2206 407 2270 δεῖ
426 2206 473 2270 κυνὶ
497 2207 601 2287 σχεδὸν
623 2210 655 2284 γ’
673 2206 739 2279 ἴσως
759 2215 811 2281 τῆς
834 2206 996 2284 peplorum
1027 2204 1066 2269 de
1087 2203 1189 2291 Legg.

178 2322 229 2402 II,
260 2348 290 2409 p.
323 2325 386 2388 658
417 2325 463 2390 D:
495 2326 657 2406 τρυγῳδίαν
688 2327 740 2410 (so.
769 2325 876 2390 ceteris
900 2324 998 2410 potsis
1021 2318 1189 2409 generibu's
1226 2336 1229 2340 ⁴

177 2444 362 2528 praeferunt)
384 2443 425 2508 rol
439 2445 575 2524 μενρνέκνυ
589 2446 638 2509 κυνὶ
655 2443 840 2525 exaltabote
858 2443 892 2508 τὸ
911 2443 1018 2518 πλῆθος
1033 2442 1189 2511 ἁπάντων.

177 2562 216 2626 In
239 2562 286 2626 his
309 2562 384 2626 loeis
406 2563 509 2643 σχεδὸν
532 2563 683 2648 signifieat
697 2585 809 2646 prope,
824 2563 911 2648 fere,
927 2559 1008 2638 ἴσως,
1025 2567 1060 2625 ul
1075 2563 1125 2645 (ex
1142 2563 1188 2627 rei

177 2684 298 2766 natura)
324 2683 474 2765 probabile
503 2690 561 2761 eat,
593 2689 624 2746 at
654 2683 685 2746 in
714 2682 852 2768 Epistola
874 2681 932 2745 hoo
954 2655 1190 2765 significationis

178 2800 339 2865 discrimen
361 2824 424 2865 non
446 2801 564 2866 obtinet
570 2829 579 2880 ;
604 2801 708 2883 σχεδὸν
730 2801 774 2866 ibi
796 2823 920 2886 prorsus
944 2800 1077 2863 otiosum
1101 2807 1161 2864 est.

223 2920 326 3004 Pergit
349 2920 409 2985 sio:
432 2917 504 2987 ὅτε.
524 2971 557 2987 ..
581 2922 639 2999 ἐγὼ
666 2920 814 3002 ἀφικόμην
841 2919 946 3000 σχεδὸν
968 2917 1018 2992 ἔτη
1040 2918 1189 3001 τεττυρυὶ·

177 3062 265 3104 aetra
291 3039 434 3122 γεγονώς,
460 3038 535 3102 Δίων
557 3034 623 3119 εἶχε
644 3039 696 3113 τὴν
717 3038 830 3115 ἡλικίαν
852 3033 884 3112 ἣν
907 3041 996 3101 τυννῦν
1021 3038 1189 3115 Ἱππνρῒνυς

179 3154 312 3237 γέγονεν,
343 3153 392 3218 κυνὶ
424 3155 456 3229 ἢν
483 3155 557 3235 ἔσχε
586 3155 654 3219 τότε
684 3153 783 3238 δόξαν,
814 3154 924 3228 ταύτην
953 3152 1002 3217 κυνὶ
1026 3153 1190 3218 διετέλεσεν

179 3276 255 3355 ἔχων
274 3273 478 3353 Συρακουσίους
499 3273 604 3339 οἴεσθαι
627 3274 683 3338 δεῖν
704 3273 861 3351 ἐλευθέρους
884 3268 965 3337 εἶναι.

222 3392 271 3456 En
285 3414 390 3456 rursus
405 3392 525 3472 νχεδὸν,
541 3391 625 3476 quod
640 3392 690 3457 hio
705 3414 825 3476 quoque
841 3391 913 3455 satis
929 3391 1070 3468 otiosum,
1088 3412 1189 3474 quum

178 3511 333 3597 probabile
341 3510 381 3574 sit
392 3509 551 3576 Platonem
562 3534 623 3595 qua
633 3512 698 3595 ipse
708 3518 775 3575 tum
788 3518 867 3574 esset
877 3516 974 3574 aetate
983 3508 1188 3594 probenosse.

178 3631 257 3695 'lum
269 3632 398 3696 alterum
407 3631 525 3708 γέγονεν
534 3631 643 3695 melius
655 3629 782 3708 abesset;
796 3629 872 3713 quin
883 3650 1064 3713 magnopere
1076 3627 1189 3693 dubito

178 3774 253 3815 num
276 3759 356 3815 reete
379 3750 498 3815 dicatur
520 3748 552 3828 ἣν
568 3751 681 3827 ἡλικίαν
697 3749 832 3828 γε’γυνεν,
850 3749 930 3812 sicut
944 3748 1056 3812 usitate
1072 3746 1190 3811 dieitur

177 3876 310 3935 τυσυῦτυ
325 3869 374 3945 ἔτη
391 3871 518 3948 γέγονεν.
548 3869 664 3933 Eodem
678 3869 770 3933 modo
784 3867 904 3932 Latini:
921 3873 963 3931 tot
978 3888 1068 3930 υυνυε
1081 3874 1187 3945 notua,

178 4012 241 4053 non
274 4012 361 4067 vero,
393 4013 455 4054 eom
485 3995 609 4053 oetatem
640 3994 735 4052 notua.
784 3985 936 4050 Credibile
966 3986 1043 4050 foret
1065 3984 1189 4063 γέγονεν

179 4131 197 4171 a
226 4107 347 4172 librario
376 4107 515 4172 additum
538 4131 618 4186 ease,
648 4107 707 4171 nisi
731 4105 860 4192 epistola
881 4111 928 4168 tot
950 4104 1042 4168 huius
1066 4105 1186 4188 generis
