2746 4950
669 333 708 397 71

186 541 297 623 Φίλων,
322 540 405 624 quod
421 540 602 604 conveniens
618 547 713 618 esset,
726 541 752 604 si
764 540 825 604 Dio
840 541 947 605 fnisset
963 541 1191 626 caputscholae

187 660 249 722 sive
279 658 427 735 familiae,
458 665 494 723 ut
524 658 725 740 Πνθοονθρειον,
750 660 971 739 Ἡρακλείτειον,
996 660 1189 739 Σοκροὶτενονς

187 777 237 840 hie
259 783 380 840 tantum
404 785 449 840 est
471 777 654 862 periphrasis
677 799 732 862 pro
753 782 808 842 τῶν
831 778 936 850 Δίωνος
951 770 1055 858 φίλ’ων.
1079 778 1194 843 Huius-

187 895 271 959 modi
302 902 348 959 est
377 897 392 957 ν’
421 894 606 972 Λονβθοὶκενος
635 903 723 973 τοῖς,
748 895 889 980 Sophocl.
921 895 997 960 Oed.
1021 896 1057 960 R.
1083 900 1156 962 267.
1181 899 1194 961 ὁ

186 1012 350 1093 Ἡράκλειος
371 1013 551 1094 σθροροονχος,
574 1013 681 1099 Eurip.
702 1013 822 1078 Heracl.
837 1016 912 1080 457.
936 1015 1193 1095 Βερενικείοθννον-

185 1136 247 1213 τθρ,
265 1133 389 1198 Theocr.
407 1133 454 1197 Id.
471 1132 541 1211 XV,
562 1136 633 1197 110.
658 1132 759 1198 Verba
770 1134 836 1199 οὔτε
850 1141 909 1198 τοῖο
925 1134 1098 1199 lactucae-u
1110 1132 1192 1212 θροεν-

185 1275 227 1316 νον
260 1229 370 1315 sonant
399 1251 489 1315 etiam
512 1252 684 1336 poeticum
713 1251 909 1317 Homericum
932 1254 962 1317 οὐ
985 1254 1044 1332 γὰρ
1067 1251 1191 1330 ἄμεινον.

186 1370 287 1451 Quam
318 1371 397 1436 belle
426 1370 558 1456 denique
589 1372 647 1436 sihi
670 1379 872 1456 oppununtur
894 1372 964 1437 illa:
988 1375 1001 1438 θ
1025 1374 1078 1452 μὲν
1101 1372 1136 1455 ζῇ
1158 1375 1189 1438 οὐ

185 1496 296 1572 καλῶς,
320 1491 334 1554 θ
356 1490 386 1554 δὲ
407 1489 522 1565 τέθνηκε
543 1496 657 1566 aarum
681 1511 755 1553 num
778 1496 880 1554 tamen
902 1512 971 1554 vere
993 1490 1051 1554 hoc
1075 1490 1191 1555 dictum

185 1608 225 1672 sit
255 1608 372 1679 dubito.
416 1607 460 1671 Ut
490 1608 571 1672 euim
602 1607 640 1671 de
669 1607 817 1692 Dionysio
848 1607 1031 1672 concedatur
1057 1607 1135 1677 illud
1157 1608 1192 1690 ζ’

184 1730 216 1793 οὐ
246 1732 361 1811 καλῶς,
392 1726 431 1791 de
460 1726 560 1790 Dione
590 1726 641 1790 vix
669 1726 793 1791 concedi
817 1733 918 1811 potest
938 1727 1052 1802 τέθνηκε
1075 1733 1190 1799 cunta:

185 1847 239 1931 qui
261 1846 376 1910 scihcet
398 1826 513 1931 perficia
536 1846 626 1910 amici
647 1868 757 1924 manu,
781 1845 1014 1930 inspicientibus
1038 1847 1117 1924 suis,
1141 1870 1193 1911 ne-

148 1988 150 1992 ’
181 1965 263 2029 mine
286 1964 469 2041 auxiliante,
493 1965 527 2027 in
549 1963 692 2028 cubiculo
716 1963 916 2028 obtruncatus
940 1972 1013 2028 erat.
1060 1963 1189 2030 Etiamsi

178 2087 264 2171 justa
285 2082 397 2148 faciens
420 2090 560 2148 mortuus
584 2083 640 2160 sit,
664 2089 845 2147 nontamen
860 2084 974 2157 τέθνηκε
989 2088 1102 2162 κολῶς;
1126 2083 1193 2148 rhe-

183 2202 314 2266 toricum
338 2201 396 2265 hoe
418 2201 514 2286 magis
531 2222 751 2286 quamverum.
776 2198 877 2264 Verba
891 2203 943 2275 τὴν
959 2202 1051 2274 αὐτὴν
1066 2199 1192 2280 ξυμβου-

183 2323 236 2396 λὴν
265 2295 315 2384 aul
345 2319 433 2396 λόγον
462 2319 511 2384 τὸν
541 2318 628 2384 αὐτὸν
659 2326 732 2382 sunt
754 2319 857 2382 inania
880 2342 1059 2404 synonyma:
1083 2320 1192 2385 referta

183 2447 230 2503 est
256 2439 354 2503 oratio
384 2438 562 2503 huiusmodi
585 2439 777 2523 synonymis,
806 2438 917 2522 quibus
941 2439 1068 2504 fortasse
1094 2440 1192 2504 Platc

182 2559 282 2623 nicam
304 2557 450 2622 orationis
473 2559 589 2643 copiam
614 2564 826 2622 assecuturum
852 2580 885 2622 se
908 2559 1036 2643 putavit.
1074 2542 1192 2624 Similia

183 2684 255 2741 sunt
277 2699 356 2761 quae
378 2699 450 2741 mox
472 2683 656 2760 sequuntur:
680 2678 788 2757 σμικροὶ
810 2679 860 2740 κοί
883 2674 1137 2757 οὶνελεθθεροο,τῶν
1153 2679 1191 2749 εἰς

181 2794 229 2859 τὸν
256 2795 359 2861 ἔντειτοι
381 2797 431 2860 κοοί
454 2797 494 2865 είς
516 2795 564 2859 τὸν
586 2794 717 2875 τοίροντον
739 2793 833 2872 κνονρὸν
851 2801 908 2857 cet.
933 2802 965 2858 et
984 2795 1059 2859 θείων
1084 2820 1118 2860 τε
1141 2795 1190 2860 aul

181 2913 367 2994 ἀνθρωπίνων.
413 2912 452 2978 In
483 2914 581 2978 verbis
612 2912 703 2994 τρίτον
732 2913 852 2994 τρίτοις,
876 2912 955 2976 illud
977 2913 1068 2995 τρίτον
1092 2915 1190 2979 solum

182 3033 410 3119 paronomasiae
440 3054 531 3096 causa
562 3032 717 3110 additum3
755 3032 834 3096 nihil
865 3032 995 3117 amphus
1031 3032 1106 3097 dicit
1132 3034 1191 3097 nisi

183 3151 267 3236 quod
297 3159 403 3237 postea
432 3151 560 3236 legitur:
591 3156 693 3216 τοῦτον
722 3156 830 3231 πρῶτον
856 3151 910 3230 μὲν
923 3202 930 3217 .
945 3202 975 3216 ..
999 3151 1124 3231 δεύτερον
1138 3204 1144 3218 .
1159 3202 1188 3218 ..

181 3271 291 3351 τρίτους
322 3270 352 3333 u
382 3271 460 3347 ὑμᾶς
489 3275 552 3333 νῦν.
576 3275 682 3350 ψυχῶν
705 3270 754 3346 ἤθη
779 3277 825 3334 est
848 3270 1030 3355 periphrasis
1054 3271 1191 3354 quaesita

181 3411 237 3474 pro
260 3388 379 3468 ψυχροί,
404 3394 440 3452 ut
463 3411 493 3472 p.
518 3389 582 3450 328
606 3387 649 3452 B:
674 3387 707 3452 τὸ
731 3387 836 3460 Δίωνος
853 3383 914 3462 ἦθος
929 3397 981 3463 τῆς
997 3395 1099 3468 ψυχῆς
1116 3389 1189 3469 πέρι.
1244 3474 1257 3481 ἢ

183 3505 243 3570 Sed
265 3506 354 3570 venio
386 3507 424 3571 ad
446 3506 544 3570 illud:
569 3505 622 3571 κονί
641 3529 689 3584 μον
712 3506 841 3571 πείθεσθε
865 3505 932 3579 Διὸς
955 3506 1048 3584 τρίτον
1071 3516 1192 3587 σωτῆρος

184 3624 282 3707 χάριν.
333 3624 392 3690 Ter
431 3632 601 3710 quaterque
637 3624 716 3689 illud
750 3627 914 3710 repetitum
947 3627 1039 3705 τρίτος
1071 3627 1103 3690 in
1138 3627 1194 3691 hac

185 3745 335 3809 sententia
365 3744 480 3829 puerile
511 3743 679 3829 elegantiae
706 3745 873 3830 aucupium
900 3744 1024 3808 redolet.
1072 3744 1194 3830 Spectat

182 3871 285 3928 autem
313 3864 352 3927 ad
378 3864 571 3949 proverbium
593 3886 655 3928 non
679 3864 772 3929 semel
795 3887 812 3928 a
834 3864 965 3929 Platone
987 3872 1189 3950 usurpatum,

182 3985 216 4048 τὸ
249 3986 341 4067 τρίτον
374 3986 414 4066 τῷ
449 3992 579 4065 Σωτῆρι,
615 3983 698 4069 quod
732 3984 862 4063 dicitur,
898 3991 934 4048 ut
964 3985 1007 4048 ait
1029 3984 1192 4070 scholiasta

182 4103 222 4168 ad
255 4102 409 4168 Charmid.
445 4125 475 4189 p.
513 4106 573 4170 167
610 4104 655 4183 A,
691 4103 738 4168 ε’ττί
773 4111 828 4170 τῶν
858 4104 974 4177 τελείως
999 4129 1027 4170 τι
1050 4103 1193 4189 τροοττθν-
1305 4151 1308 4159 ·
