2746 4950
654 367 715 430 lae·

180 586 300 663 promta
323 584 394 641 suut
417 599 433 642 e
449 576 533 640 libris
549 575 587 639 de
602 573 753 659 Legibus,
772 575 881 659 partim
897 597 912 637 e
929 574 1007 638 libro
1023 573 1056 653 Ι,
1075 599 1107 661 p.
1125 578 1186 642 647

99 755 102 759 .
182 698 209 759 A
232 695 275 774 B,
299 695 354 759 ubi
376 693 560 771 ostenditur,
582 692 736 778 quodnam
760 693 800 756 sit
821 692 982 757 discrimen
999 694 1083 758 inter
1094 695 1188 775 φόβον

180 823 210 878 et
245 814 313 878 οάδό
344 812 470 897 etquid
493 812 717 895 utrumquead
744 811 925 879 erudiendos
953 813 1094 877 homines
1118 835 1187 878 con·

179 933 272 1009 serat,
297 943 328 996 et
350 955 365 995 e
389 931 466 995 libro
490 930 559 1009 ΙΠ,
583 953 613 1015 p.
639 933 807 1007 698-99,
833 930 886 994 ubi
909 930 947 994 de
970 933 1081 1015 priscis
1095 932 1188 996 Athe
1246 1002 1249 1008 ,

124 1064 129 1069 “
178 1051 335 1115 nieusibus
361 1050 474 1114 dicitur
496 1052 537 1134 (p.
562 1051 626 1112 698
650 1048 704 1132 B):
730 1049 860 1120 δεσπότις
881 1050 942 1124 ἐνῆν
964 1073 1010 1118 τις
1033 1050 1138 1132 actu,
1156 1051 1188 1115 δι’

177 1166 209 1246 ἣν
227 1170 405 1241 δουλεύοντες
428 1177 485 1240 τοῖς
509 1169 577 1233 τότε
599 1169 691 1244 νόμοις
715 1167 764 1248 ζῆν
779 1169 922 1244 ἠθέλομεν.
957 1174 987 1232 et
1007 1191 1036 1253 p.
1057 1171 1123 1231 699
1141 1169 1185 1232 O:

177 1289 281 1372 φιλίαν
303 1289 440 1362 άλλάλιον
463 1288 579 1351 ἐνεποίει
601 1289 615 1352 ό
637 1287 731 1368 Φόβος
753 1287 767 1351 ό
790 1288 856 1352 τότε
879 1288 975 1366 πορὼν
995 1285 1055 1352 ὅτ’
1080 1291 1114 1352 ἐκ
1133 1295 1188 1353 τῶν

179 1408 269 1485 νόμον
292 1415 347 1471 πῶν
369 1406 524 1485 ἔμπροσθεν
548 1407 673 1482 γεγονὼς
687 1455 694 1469 .
708 1455 738 1471 ..
763 1401 794 1480 ἣν
820 1405 888 1469 οάδῶ
911 1404 1054 1476 πολλάκις
1082 1409 1113 1470 ἐν
1130 1413 1188 1477 τοῖς

179 1525 236 1591 ἄνω
252 1528 349 1603 λόγοις
372 1525 506 1602 εἴπομεν.
532 1525 641 1609 partim
662 1523 771 1588 eiibro
787 1522 843 1602 IV,
860 1547 889 1610 p.
905 1525 966 1590 t15
985 1523 1110 1603 A-D,
1138 1525 1188 1590 uhi

180 1643 268 1721 dicit,
292 1643 472 1728 plerumque
495 1645 559 1707 fieri
581 1653 618 1707 ut
640 1643 694 1727 qui
717 1665 733 1706 e
756 1643 835 1707 bello
858 1643 906 1707 vel
929 1665 945 1706 e
968 1643 1116 1707 civilibus
1132 1645 1190 1708 dis-

179 1761 287 1826 couiiis
310 1762 437 1824 victores
461 1761 644 1837 exstiterint,
676 1761 698 1824 ii
715 1761 800 1824 victis
816 1760 892 1824 tales
907 1760 1069 1846 imponant
1086 1762 1189 1848 leges,

178 1880 290 1966 quibus
327 1881 446 1965 imperii
476 1880 708 1965 participatione
740 1888 769 1943 et
801 1879 1029 1964 magistratibus
1060 1903 1190 1965 prorsus

177 2000 393 2079 excludantur3
418 2000 509 2064 talem
532 2008 634 2065 autem
656 2000 840 2085 reipublicae
863 2001 1010 2064 rationem
1022 2023 1088 2065 non
1106 2017 1188 2066 πολι-

177 2122 273 2200 πεόιιν,
298 2119 351 2184 sed
374 2121 477 2206 potius
500 2122 691 2185 οπιιοιιιπείιιν
714 2119 953 2204 nuncupandum
979 2142 1060 2198 esse,
1091 2142 1190 2204 quum

179 2241 211 2304 in
242 2244 374 2323 πολιτείᾳ
404 2240 484 2323 leges
512 2239 653 2303 omuibus
676 2238 844 2322 aequaliter
874 2238 1035 2303 cousulant
1069 2260 1191 2304 omnes·

180 2380 238 2443 que
260 2368 324 2423 tam
346 2359 528 2443 imperantes
552 2381 644 2442 quam
667 2358 782 2422 subditi
804 2358 906 2443 legum
927 2358 1004 2421 servi
1019 2358 1101 2436 sint,
1129 2382 1191 2423 una

177 2477 226 2541 lex
261 2478 397 2541 omnium
427 2477 467 2540 sit
495 2476 625 2541 domina.
671 2475 760 2556 Quae
790 2483 891 2540 eutem
918 2475 1189 2561 epistolographus

179 2594 226 2658 his
257 2595 433 2680 subjungit,
465 2616 569 2657 vereor
591 2616 629 2656 ne
652 2616 747 2687 ecque
770 2617 788 2656 c
809 2593 945 2657 Platonis
968 2603 1070 2656 mente
1094 2601 1190 2679 atque

179 2736 196 2776 a
230 2714 381 2799 praesenti
415 2712 628 2798 Syracusarum
662 2719 693 2776 et
727 2711 846 2777 Siciliae
877 2712 1051 2776 conditione
1086 2713 1192 2778 aliena

180 2832 250 2895 sint.
271 2831 292 2894 J
293 2831 367 2895 ubet
374 2832 502 2895 victores
515 2854 616 2896 rerum
628 2833 741 2916 potitos
753 2834 856 2903 αὐτοὺς
865 2834 894 2896 ἐν
906 2834 1002 2903 atton
1010 2831 1118 2912 άνδροις
1126 2857 1191 2913 προ-

178 2956 268 3029 κρῑνιιι
287 2956 343 3013 τῶν
362 2947 473 3024 άλλων,
484 2947 530 3020 οὓς
541 2948 578 3014 tv
589 2950 784 3015 πννόάνοιντιιι
800 2951 930 3031 άρόοτονς
945 2949 1027 3021 όνπιος
1037 2970 1045 2984 ·
1057 2989 1105 2998 -
1115 2953 1190 3029 άριό-

177 3066 231 3145 μάν
250 3065 272 3130 δ’
285 3063 355 3130 εἶνιιι
375 3067 407 3151 (f.
424 3067 445 3130 l.
466 3067 506 3145 δ’,
520 3064 600 3146 οἶμαι
608 3071 629 3152 ,)
642 3066 796 3149 μυριάνδρῳ
807 3069 890 3132 πόλει
902 3069 1079 3142 πεντήκοντά
1092 3069 1190 3135 ἱκάνοὶ

181 3191 296 3250 τοιοῦτον
308 3185 422 3249 ·-his
435 3193 537 3250 autem
549 3185 692 3250 mandare
704 3187 803 3264 νόμους
819 3190 914 3252 όεῑνοιι.
932 3186 1041 3250 Beatos
1050 3188 1191 3271 profecto

178 3304 305 3368 victores
330 3303 398 3367 ilios
415 3311 552 3388 putasset
566 3305 673 3382 Plato,
693 3306 765 3369 siin
780 3327 835 3368 suo
851 3327 977 3369 numero
989 3306 1081 3388 (αὐτοὶ
1094 3308 1126 3370 ἐν
1139 3309 1192 3372 οιὺ-

179 3425 249 3506 ποῖς)
258 3422 429 3506 potuissent
447 3425 624 3497 πεντήκοντά
637 3424 930 3500 νομοόὲποιςὶῃνοιιίνο
938 3451 947 3502 ;
962 3433 1077 3507 quanto
1086 3426 1191 3490 maius

179 3539 306 3604 totidem
326 3541 456 3625 reperire
472 3543 525 3625 qui
542 3543 573 3605 in
589 3564 817 3627 uuuuaquaque
833 3541 988 3623 μυριάνδρῳ
1003 3543 1086 3609 πόλει
1102 3544 1191 3630 leges

177 3658 292 3723 darent.
312 3658 381 3745 Ipso
394 3661 576 3725 existimavit
590 3684 692 3726 veram
707 3663 838 3727 civitatis
854 3658 1070 3747 gubernandas
1087 3674 1189 3729 artem

177 3778 240 3858 περὶ
264 3775 314 3842 ἕνιι
329 3779 395 3843 πινά
415 3779 464 3843 κιά
487 3779 534 3844 δύο
556 3780 606 3844 xci
630 3779 819 3845 cccccccccc
839 3781 952 3856 όλίνονς
965 3780 1096 3865 positam
1108 3803 1189 3848 esse.

180 3895 299 3960 Politic.
324 3919 353 3982 p.
379 3899 442 3961 293
465 3899 501 3962 A.
548 3899 651 3982 Atque
673 3900 704 3962 in
728 3898 813 3963 libris
829 3898 865 3961 ds
881 3897 1014 3982 Legibus
1030 3921 1191 3983 nusquam

181 4035 278 4077 sermo
313 4023 359 4078 est
395 4015 454 4079 nisi
488 4014 525 4078 de
556 4037 618 4078 uno
642 4018 788 4098 νομοόὲπρ,
821 4017 873 4100 qui
897 4038 952 4079 sua
974 4016 1136 4082 voluntate
1162 4030 1193 4084 et

178 4133 303 4198 scientia
325 4133 539 4218 ductuslcges
560 4133 670 4197 condat
694 4143 723 4198 et
746 4135 898 4199 civitatem
922 4135 1079 4212 instituat3
1104 4159 1131 4200 e.
1159 4161 1191 4222 g
