2746 4950
646 342 708 401 234

177 544 296 607 crimini
319 544 444 624 darent,
479 547 562 630 quod
586 548 660 611 tales
684 549 759 626 viri,
793 549 897 632 quales
924 547 1014 611 ambo
1042 546 1188 631 Dionysii

175 661 317 740 fuerunt,
344 665 440 749 ipsius
457 665 617 750 disciplina
636 667 684 730 usi
700 674 800 730 essent·
810 716 819 745 ‚
836 667 915 730 sicut
937 665 1057 730 Socrati
1075 663 1186 749 objecit

176 779 349 866 Polycrates
373 783 456 866 quod
479 783 605 848 Critiam
628 785 784 850 habuisset
807 784 1011 870 discipulum3
1036 784 1112 860 alii,
1133 784 1186 867 qui

176 898 309 963 ludibrio
329 924 399 965 eum
414 902 561 968 haberent
577 904 659 988 quod
679 905 725 968 vir
742 905 878 968 omnium
899 904 1146 988 sapientissimus
1168 926 1184 966 a

177 1017 290 1081 stolido
312 1029 440 1104 tyranno
464 1021 531 1086 ludi
553 1045 584 1088 se
597 1045 703 1108 passus
720 1031 807 1088 esset.
842 1023 962 1088 Iudicat
977 1022 1037 1086 hoe
1054 1022 1184 1106 scriptor

179 1136 335 1222 Epistolae
365 1138 415 1218 II,
447 1164 477 1225 p.
510 1144 572 1205 312
605 1143 649 1205 A:
681 1143 705 1206 ol
733 1143 780 1207 ἐτὶ
804 1140 912 1212 τούτοις
934 1141 1060 1219 βοῶντες
1085 1139 1184 1205 πολλοὶ

177 1250 265 1330 ἧσοιν,
297 1257 431 1335 λέγοντες
461 1260 497 1330 ὡς
520 1260 556 1324 σὺ
579 1263 649 1338 ἐμοῦ
672 1261 726 1338 μὲν
748 1260 1029 1341 κοοτοοτεφρονννοις,
1054 1257 1144 1322 ἄλλοι
1162 1257 1184 1321 i’

180 1375 372 1448 ἕστούδοοκοος.
408 1377 562 1463 Imprimis
584 1378 788 1447 memorabilis
812 1379 868 1442 hac
891 1377 929 1441 de
952 1401 984 1442 re
1007 1378 1097 1442 locus
1116 1377 1185 1460 legi·

180 1500 233 1557 tur
259 1494 341 1579 apud
357 1496 479 1561 Aelium
504 1498 685 1579 Aristidem,
709 1497 796 1577 Ὑπὲρ
818 1502 874 1561 τῶν
890 1494 1054 1576 τεττοὶρων,
1072 1519 1104 1580 p.
1123 1498 1184 1559 300

182 1635 248 1697 sqq.
284 1614 396 1693 Dind,
425 1616 478 1681 ubi
511 1617 561 1681 hic
595 1616 698 1681 rhetor
732 1616 892 1700 loquentes
921 1614 994 1679 facit
1017 1614 1187 1690 Periclem,

183 1730 356 1812 Cimonem,
397 1733 568 1799 Miltiadem
605 1744 635 1800 et
668 1735 918 1811 Themistoclem,
950 1732 1064 1818 quibus
1100 1733 1190 1796 Plato

182 1852 215 1915 in
246 1851 361 1936 Gorgia
390 1854 581 1938 exprobravit
611 1855 695 1939 quod
729 1877 833 1918 eorum
864 1854 960 1918 ductu
984 1852 1190 1916 Athenienses

183 1971 284 2055 ignavi
315 1979 345 2034 et
375 1972 488 2036 feroces
521 1973 634 2036 redditi
662 1979 762 2037 essent
792 1971 935 2055 quodque
965 1972 1031 2035 eius
1059 1970 1193 2034 feritatis

183 2090 243 2174 ipsi
277 2089 401 2154 effectus
425 2100 525 2157 essent
547 2093 679 2177 experti3
704 2091 829 2156 eandem
856 2090 1125 2176 exprobrationem
1147 2088 1195 2152 illi

134 2292 136 2298 Α
184 2208 217 2272 in
251 2208 409 2275 Platonem
442 2212 593 2297 rejiciunt.
640 2212 801 2292 Quaerunt
835 2234 871 2275 ex
904 2233 971 2297 eo,
993 2209 1069 2294 quid
1107 2208 1195 2294 Syra·

186 2350 328 2409 cusarum
345 2331 468 2413 tyranni
490 2353 526 2394 ex
549 2331 614 2395 eius
637 2329 857 2395 consuetudine
881 2338 911 2394 et
937 2328 1072 2393 consiliis
1094 2327 1195 2413 prof·

184 2447 280 2511 corint
307 2454 337 2512 et
364 2470 425 2531 quo
455 2449 569 2514 honore
603 2473 673 2515 eum
702 2450 872 2514 habuerint.
888 2449 911 2534 ¹)
956 2447 1046 2533 Hanc
1071 2448 1192 2533 vitupe-

184 2567 330 2630 rationem
355 2566 494 2653 Epistola
511 2569 668 2654 redarguit
691 2592 743 2646 eo,
761 2569 846 2652 quod
861 2567 1028 2652 Dionysius
1045 2566 1197 2652 importu-

187 2687 283 2750 nitate
309 2708 365 2750 sua
386 2686 594 2772 impedivisset
609 2688 773 2771 quominus
788 2687 963 2760 Platocum
979 2685 1198 2772 philosophiae

189 2806 356 2891 praeceptis
373 2805 515 2870 erudiret.
539 2806 585 2870 llo
601 2814 717 2892 spectat
731 2806 886 2892 Epistolae
898 2805 951 2869 ΙΠ
961 2827 1031 2890 pars
1043 2805 1147 2889 prior,
1166 2805 1197 2869 in

191 2947 250 3009 qua
267 2933 352 3011 parte
368 2934 546 3010 personatus
558 2926 648 2990 Plato
660 2926 693 2990 id
708 2926 768 2990 sihi
782 2925 936 3011 proponit,
952 2932 989 2988 ut
999 2923 1145 2989 ostendat
1160 2927 1198 2998 ὡς

189 3043 303 3115 εἰκότως
326 3068 368 3108 σοι
391 3046 548 3130 (Διονυσίῳ)
571 3043 681 3125 ἔφυγον
703 3051 836 3110 κοινωνεῖν
859 3042 921 3124 aspi
943 3042 986 3107 τοὶ
1008 3050 1060 3116 τῆς
1083 3043 1199 3116 πόλεως

191 3164 360 3247 apsimarus
383 3167 423 3250 (p.
448 3167 512 3229 316
536 3165 572 3229 Β.
597 3166 635 3229 cl.
659 3164 756 3250 Epist.
779 3163 861 3242 VII,
885 3186 915 3248 p.
940 3164 1003 3226 345
1027 3162 1078 3246 A).

228 3386 253 3447 1)
270 3383 348 3434 Locus
370 3383 482 3433 Aristidis
504 3386 562 3452 Περὶ
586 3384 666 3450 ῥιτορ.
688 3381 714 3438 Ι,
738 3396 761 3444 p.
785 3378 815 3431 17
843 3380 902 3426 extr.
924 3376 973 3440 (eui
990 3374 1092 3424 addatur
1106 3390 1133 3439 p.
1153 3373 1200 3426 167

194 3498 258 3546 sqq.¹
277 3480 325 3530 268
343 3485 367 3530 et
385 3480 433 3529 324
450 3489 510 3544 sqq.)
521 3479 563 3528 'est
580 3479 656 3526 instar
673 3475 807 3540 compendii
824 3474 971 3524 diversarum
986 3470 1200 3536 reprehensionum

195 3577 281 3642 quibus
303 3577 373 3626 Plato
395 3579 494 3640 propter
512 3577 621 3639 suscepta
637 3573 724 3621 itinera
740 3571 765 3619 in
783 3570 889 3619 Siciliam
906 3568 954 3617 fuit
971 3567 1100 3626 obnoxius,
1118 3583 1201 3630 quam·

196 3691 266 3740 quam
289 3673 371 3722 rhetor
394 3689 421 3721 ca
442 3672 523 3736 potius
544 3671 574 3721 ad
596 3670 713 3720 Miltiadis
736 3671 916 3730 ceterorumque
938 3663 1112 3714 excusationem
1131 3679 1203 3727 quam

196 3771 225 3819 ad
242 3770 350 3820 Platonis
368 3768 514 3831 vituperium
531 3784 545 3816 a
561 3783 586 3816 se
602 3766 696 3831 prolata
713 3764 816 3813 dictitat.
839 3762 892 3810 Vid.
909 3766 963 3830 περὶ
979 3764 1060 3828 persp.
1077 3759 1103 3818 Ι,
1120 3775 1147 3824 p.
1157 3759 1201 3808 93:

196 3873 239 3930 ἐγὼ
262 3873 308 3935 γὰρ
331 3863 376 3916 οὔτ’
398 3869 464 3920 αὐτὸς
488 3868 590 3928 ἔγκλημα
613 3865 638 3922 δὴ
655 3867 721 3912 τοῦτο
737 3865 860 3923 ποιοῦμαι,
880 3863 903 3909 εἴ
919 3876 956 3908 ποι
972 3861 1009 3907 καὶ
1026 3859 1126 3906 ὁπωσοῦν
1143 3859 1203 3922 ᾠήθη

197 3964 241 4012 δίον
264 3966 359 4012 Πλάτων
382 3965 451 4010 ἐλθεῖν
474 3965 599 4016 ἡστινοσοῦν
627 3955 680 4008 ἕνεκ’
704 3960 796 4021 αἰτίας,
819 3953 863 4004 οὐδ’
883 3958 962 4010 ὅστις
979 3955 1064 4008 ἄλλος
1081 3957 1202 4018 προσφί-

197 4080 239 4128 psr
257 4079 284 4109 τι
301 4062 427 4110 τοιοῦτον
444 4061 553 4125 εὐφρονοῐν
567 4060 672 4120 ἡγοῦμαι.
688 4052 728 4115 (cf.
745 4056 803 4120 ssepi
820 4061 863 4102 τῶν
875 4070 938 4101 serr.
950 4065 974 4113 p.
988 4049 1055 4109 309).
1072 4048 1152 4096 Verba
1162 4045 1207 4098 oid?

197 4162 258 4217 ὅστις
275 4162 342 4217 ἄλλος
358 4155 465 4206 iudicant
478 4158 506 4207 ,et
523 4152 582 4202 alios
599 4151 672 4200 fuisse
690 4149 731 4213 qui
747 4146 793 4196 ista
810 4144 907 4195 Platoni
924 4143 1075 4209 imputarint.
