2746 4950
674 355 715 416 43

185 583 308 645 prorsus
344 561 447 644 friget3
480 559 596 623 dictum
619 558 740 622 videtur
763 582 817 644 pro
828 559 982 642 forsitan,
1007 558 1090 642 quod
1113 559 1194 621 sicut

183 680 266 753 ἰοως,
290 704 362 762 πον,
387 701 617 762 nonnumquam
640 678 749 741 leniter
772 677 938 741 affirmandi
955 678 1016 741 vim
1032 676 1140 754 habet,
1157 683 1194 739 ut

184 798 265 861 idem
288 798 350 861 fere
373 798 413 861 sit
437 796 519 881 quod
542 797 666 868 εἰκότως.
710 796 778 859 Hoc
806 818 898 860 sensu
917 795 1060 867 πολλάκις
1077 795 1194 880 elegan-

183 926 230 980 ter
261 916 343 1001 apud
372 917 492 979 Atticos
516 915 658 1001 ponitur,
682 938 738 979 nec
761 937 828 979 raro
852 915 934 1000 apud
957 915 1133 992 Platonem,
1158 920 1194 978 nt

182 1037 216 1099 in
239 1034 415 1113 Phaedone,
440 1057 470 1119 p.
497 1037 536 1097 60
561 1033 605 1096 E:
630 1035 653 1098 εἰ
677 1031 735 1114 άροι
759 1033 902 1105 πολλάκις
924 1033 1035 1108 τοιοίτνν
1057 1035 1110 1109 τὴν
1127 1057 1194 1104 κον-

182 1156 264 1229 οικνίν
285 1178 333 1232 μοι
356 1152 507 1218 ε’πιτάττοι
529 1159 627 1217 ποιεῖν.
652 1153 684 1217 in
707 1152 844 1237 Pheage,
869 1175 898 1237 p.
919 1155 980 1215 122
995 1153 1037 1215 Α;
1063 1155 1193 1232 ἡνοῦμωι

181 1272 332 1352 κράτιστον
355 1269 425 1337 εἰνιοι
448 1271 592 1336 πείάεοάοιι
616 1272 710 1352 οωίτῷ,
733 1269 782 1336 ἰνοι
804 1274 845 1349 μὴ
870 1269 1013 1343 πολλάκις
1037 1268 1106 1335 οἰνεν
1122 1252 1192 1348 ἐμοῦ
1258 1273 1261 1285 ¹

181 1391 392 1470 ξυγγενόμενος
407 1417 447 1472 τῳ
458 1391 612 1473 tractato.
625 1391 658 1454 in
671 1389 775 1468 Critia,
789 1414 819 1475 p.
836 1393 896 1453 112
912 1394 997 1454 extr:
1011 1390 1044 1454 τὸ
1057 1390 1081 1454 δ’
1092 1390 1134 1456 ἔτι
1146 1440 1153 1454 .
1165 1440 1172 1453 .
1185 1439 1192 1454 .

182 1511 228 1574 δεῖ
254 1510 396 1585 δνλῶτωι,
428 1511 470 1586 μὴ
500 1508 643 1581 πολλάκις
671 1509 820 1581 άκούοντες
851 1510 1009 1583 Ἑλληνικά
1031 1508 1191 1591 βοιρβάρων

182 1625 287 1706 άνδρων
316 1627 447 1704 άνάμοοτω
477 1626 665 1708 θοινμάζνςτεε
691 1627 729 1691 ad
753 1650 844 1711 quem
867 1628 969 1691 locum
993 1627 1082 1712 plura
1106 1627 1196 1691 Stall-

182 1746 333 1811 baumius
380 1745 440 1809 Sed
462 1746 495 1809 in
518 1745 659 1810 omnibus
683 1746 776 1810 huius
799 1745 1030 1830 significationis
1047 1744 1194 1829 exemplis

182 1862 328 1935 πολλάκις
356 1865 478 1948 junctas
508 1862 566 1927 sibi
596 1862 688 1927 habet
715 1829 880 1948 particulas
913 1865 936 1928 εἰ
960 1862 1035 1943 άρω,
1059 1861 1095 1928 άν
1119 1861 1194 1944 άροι,

182 1984 244 2062 μήτ
276 1984 303 2046 ον’
327 1983 432 2069 forte,
465 2005 533 2046 ωκνι
554 1984 658 2069 forte,
692 1983 727 2046 νο
747 1983 845 2069 forte.
892 1981 952 2046 Hic
983 1982 1119 2066 positum
1150 1988 1196 2046 est

184 2101 317 2165 insolite.

227 2219 333 2304 Pergit
348 2219 407 2282 sio:
432 2219 476 2290 τίς
492 2219 516 2281 δ’
528 2213 561 2292 ἦν
577 2222 593 2294 ἡ
607 2218 711 2283 ἐκείνου
726 2218 834 2282 διοινοίοι
850 2219 900 2282 κοιί
916 2218 1075 2302 ε’πιάνμίοο,
1091 2218 1196 2299 σχεδὸν
1254 2228 1255 2233 ’

182 2333 233 2405 οἰικ
257 2338 374 2419 εἰκάζων
398 2339 468 2403 άλλ’
490 2340 526 2409 οἰς
545 2338 621 2404 εἰδὼς
644 2343 747 2420 σοφῶς
771 2335 879 2414 εἴποιμ’
904 2336 951 2403 άν.

227 2457 314 2521 Illud
336 2456 440 2536 σχεδὸν
462 2458 512 2520 οὐκ
535 2455 652 2536 εἰκάζων
675 2458 746 2520 οἰλλ’
768 2458 805 2527 ὥς
828 2457 904 2528 εἰδὼς
929 2463 1034 2540 σοφῶς
1057 2457 1197 2521 imitatur

184 2576 369 2639 Socraticam
392 2574 588 2652 modestiam,
609 2573 647 2638 de
662 2574 817 2659 plerisque
833 2574 1010 2639 dubitanter
1026 2575 1196 2659 loquentis,

184 2716 282 2780 panca
305 2693 495 2757 affirmantis:
520 2693 660 2757 velutin
683 2692 831 2771 Menona,
857 2693 911 2758 ubi
935 2693 1097 2758 discrimen
1113 2701 1199 2758 nota-

185 2820 237 2877 tur
260 2814 339 2876 inter
363 2813 525 2890 ἐπιστήμην
548 2818 578 2876 et
601 2811 702 2895 δόξων,
723 2796 771 2876 ita
794 2812 950 2891 Socrates,
974 2837 1005 2906 p.
1032 2816 1073 2875 98
1090 2813 1129 2876 B:
1147 2812 1197 2878 κοιί

185 2933 243 3009 μὴν
266 2931 315 2995 κοιί
339 2932 397 3008 ἐγὼ
412 2933 448 3003 ὠς
464 2933 514 2995 οιίκ
529 2931 605 3002 εἰδὼς
622 2932 689 3013 (οὐχ
704 2932 739 3001 ets
756 2930 832 3003 εἰδὼς
841 2930 866 3015 Ρ)
881 2930 977 3008 λέγω,
992 2931 1064 2996 ἀλλ’
1079 2929 1196 3011 εἰκάζωε

185 3072 256 3114 curn
279 3049 392 3133 quibus
415 3050 490 3114 haec
512 3049 551 3113 ad
574 3049 702 3114 verbum
725 3072 820 3134 paene
836 3051 1034 3114 conveniunt.
1070 3049 1149 3114 Item
1164 3051 1197 3113 in

187 3168 319 3253 Gorgia,
350 3194 380 3255 p.
410 3171 474 3233 453
506 3168 549 3231 B:
580 3170 632 3243 rto
661 3169 720 3233 άπὸ
755 3177 807 3241 τῆς
835 3172 976 3250 ῥητορικῆς
1008 3170 1109 3252 πειθὼ,
1129 3167 1197 3246 ’ἥτις

186 3288 253 3352 πότ’
283 3290 344 3352 εὀτι
356 3337 365 3369 ,
381 3338 388 3352 .
403 3338 432 3353 ..
461 3292 565 3368 σοφῶς
595 3288 648 3364 ,ωὲν
679 3284 711 3351 εὖ
738 3284 791 3352 ἴσθ’
814 3283 856 3351 ἰτι
887 3289 937 3351 οιίκ
966 3283 1048 3370 cide,
1079 3290 1110 3352 οὐ
1140 3289 1198 3365 μὴν

186 3409 258 3471 άλλ’
282 3404 433 3471 ὑποπτεύω
457 3431 504 3484 γε.
551 3403 644 3485 Quod
670 3413 772 3470 autem
795 3405 996 3470 additum'est
1012 3405 1130 3486 σχεδὸν,
1148 3407 1198 3470 hic

186 3548 250 3590 non
267 3525 365 3589 solum
382 3547 604 3610 supervacuum
621 3524 752 3602 est,xsed
769 3525 861 3589 etiarn
876 3525 1057 3590 molestum:
1075 3525 1101 3588 si
1117 3524 1197 3589 enim

187 3645 302 3709 affirmo
325 3666 458 3707 menon
481 3645 657 3728 conjectura
679 3643 732 3706 sed
755 3650 837 3707 certo
862 3643 979 3727 aliquid
1003 3644 1093 3721 scire,
1118 3643 1197 3707 illud

134 3755 141 3765 ⁸
180 3765 387 3846 propemodum
417 3763 551 3854 alienum
582 3769 636 3826 est.
683 3762 778 3846 Saepe
810 3734 934 3846 (ididem
965 3763 1054 3825 Plato
1083 3762 1198 3845 aliique

187 3883 348 3966 scriptores
378 3883 411 3945 in
441 3904 578 3945 sermone
610 3888 641 3946 et
663 3881 871 3966 disputatione
894 3880 973 3945 illud
996 3881 1102 3962 σχεδὸν
1125 3873 1198 3967 adji-

187 4001 275 4064 ciunt
305 4001 464 4078 εὐλοιβείκς
496 4001 609 4085 gratia,
642 4002 668 4064 si
699 4024 763 4064 rem
785 4023 850 4064 non
869 3999 1050 4063 examussim
1074 3999 1198 4063 definire

189 4127 245 4187 aut
274 4119 364 4206 plane
395 4119 541 4184 affirmare
574 4120 697 4199 volunt,
725 4121 779 4203 qui
803 4118 936 4186 adverbii
958 4140 1033 4182 usus
1056 4118 1197 4202 frequens
