2746 4950
652 336 715 396 225

180 552 246 622 tos,
278 543 391 627 quibus
414 542 642 607 continerentur
664 541 786 606 decreta
809 551 840 606 et
862 541 1052 607 definitiones
1076 567 1092 608 e
1119 543 1187 608 Pla·

179 662 261 726 tonis
284 663 346 726 sive
360 660 481 742 scholis
505 661 566 724 sive
590 659 719 745 dialogis
750 660 909 746 depromta
916 688 925 740 3
950 662 1059 727 horum
1086 672 1187 728 autem

180 780 467 845 commentariorum
498 781 596 845 simile
624 781 727 845 fatum.
749 781 843 845 fuisse
875 804 909 847 ac
932 787 987 847 τῶν
1010 783 1185 864 διαιρέσεων,

179 922 275 984 quae,
311 909 346 964 ut
377 899 467 964 modo
492 900 639 979 vidimus,
664 900 725 964 cito
748 908 938 964 evanuerunt
960 902 1053 985 inque
1077 924 1182 966 eorum

179 1019 282 1082 locum
313 1017 422 1082 deinde
446 1019 549 1104 spuria
575 1019 735 1104 supposita
757 1027 848 1097 sunt,
873 1041 952 1102 quae
974 1019 1098 1083 tandem
1121 1020 1188 1104 ipsa

180 1159 303 1223 quoque
325 1138 359 1201 in
381 1138 563 1202 oblivionem
586 1145 744 1202 venerunt.

226 1255 368 1320 Ceterum
397 1256 606 1341 Epistularum
637 1257 696 1319 loci
726 1257 760 1320 in
790 1256 837 1319 his
870 1257 1021 1341 capitibus
1053 1279 1070 1319 a
1099 1232 1189 1320 nobis

180 1375 320 1453 tractati,
355 1374 393 1439 de
427 1376 569 1454 scientia,
606 1375 643 1440 de
679 1374 916 1461 philosophandi
950 1375 1115 1454 methodo,
1151 1376 1189 1440 de

181 1494 347 1578 sapientiae
371 1493 505 1572 arcanis,
540 1493 698 1557 manifeste
731 1503 865 1577 arguunt
889 1494 1066 1578 scriptorem
1088 1493 1190 1558 Plato-

182 1615 251 1679 nica
275 1613 397 1697 quidem
420 1613 550 1676 lectione
572 1614 704 1677 tinctum
727 1621 758 1675 et
781 1612 966 1690 coloratum,
1003 1613 1055 1676 sed
1078 1615 1188 1678 mentis

183 1734 249 1797 eius
273 1740 303 1796 et
326 1732 481 1796 doctrinae
504 1740 671 1817 expertem,
696 1730 864 1798 disserendi
886 1731 1013 1810 rudem,
1038 1733 1189 1817 specimen

183 1851 315 1935 denique
337 1851 485 1929 hominis,
510 1851 631 1935 qualem
653 1841 718 1935 ipse
738 1849 880 1914 describit
896 1849 964 1934 (Ep.
981 1849 1062 1928 VH,
1079 1874 1109 1934 p.
1124 1853 1187 1914 343

183 1971 237 2056 E),
262 1972 315 2055 qui
338 1971 477 2035 videatur
492 1971 579 2049 μηδὲν
594 1971 764 2047 γιγνώσκειν
780 1966 815 2034 ὧι
830 1969 866 2034 ἂι
882 1970 1015 2049 ἐπιχειρῇ
1031 1969 1156 2048 γριὶΦ;ιν
1173 1970 1188 2045 ἢ

182 2091 290 2167 λέγειν.
337 2088 422 2153 Haec
445 2090 518 2153 satis
541 2089 640 2153 valere
664 2089 772 2173 opinor
791 2087 829 2151 ad
849 2087 1069 2172 reprobandam
1086 2110 1189 2152 corum

183 2209 372 2295 opinionem,
398 2209 451 2293 qui
469 2208 640 2294 Epistulam
656 2207 720 2271 VII
737 2207 829 2271 alicui
846 2207 981 2271 Platonis
997 2207 1191 2271 familiarium

183 2328 233 2393 vel
256 2314 494 2413 discipulorum,
519 2327 709 2413 Speusippo,
730 2326 912 2404 Xenocrati,
934 2326 1022 2390 aliive
1038 2327 1103 2390 eius
1116 2336 1194 2389 aeta-

181 2447 223 2512 tis
247 2446 479 2532 adjudicandam
505 2469 569 2509 esse
592 2445 709 2530 opinati
734 2453 816 2508 sunt.
