2746 4950
661 350 720 413 155

181 581 240 626 τες,
266 579 294 640 p.
313 557 376 621 353
402 553 480 617 AB.
528 552 644 617 Ilodem
668 559 804 638 spectant
829 574 906 636 quae
929 551 1058 636 legimus
1075 575 1105 636 p.
1123 553 1187 615 354

180 675 230 737 D:
255 676 278 738 oi
301 677 360 753 γιον
383 672 435 750 πρὸ
458 679 603 738 Διονυσίου
619 672 667 736 nal
684 671 846 749 Ἱπιιοιρίνον
861 653 1000 750 ἄρξοντες
1016 676 1186 736 Σικελιῶται

179 794 246 872 τόθ’,
276 796 312 865 ὡς
336 791 434 874 ᾤοντο,
459 791 630 869 εὐδοιμόνοις
652 791 719 872 ἔζων
723 841 737 889 q
760 790 921 872 τρυφῶντές
937 815 971 854 τε
986 791 1034 854 nal
1051 788 1119 868 olax
1135 789 1185 870 alp·

179 933 301 993 χοντες·
325 907 350 976 οἳ
372 911 420 974 nul
443 911 509 982 τοὺς
533 910 602 978 lixa
624 912 805 987 στρατηγοὺς
828 910 1008 974 κατέλευσαν
1024 909 1187 987 βάλλοντες

180 1032 248 1103 τοὺς
278 1032 330 1109 πρὸ
361 1031 523 1101 Διονυσίου,
555 1030 635 1094 κοντοὶ
663 1028 743 1104 νόμον
774 1029 872 1094 οὐδένοι
901 1029 1063 1108 κρίνοντες,
1088 1025 1133 1093 lta
1156 1027 1189 1101 ll

181 1151 335 1215 δουλεύοιεν
357 1150 454 1226 μηδενὶ
478 1151 554 1226 μήτε
584 1148 635 1213 σὺν
658 1148 719 1229 δίκῃ
742 1149 818 1223 μήτε
847 1147 922 1227 νόμῳ
945 1146 1083 1230 δεσπότιν,
1109 1147 1189 1212 ἐλεύ-

182 1271 250 1346 θεροι
266 1269 290 1332 δ’
302 1264 356 1333 εἶεν
372 1268 467 1341 πάντη
484 1267 614 1339 πάντως·
639 1264 697 1331 ὅθεν
716 1267 747 1329 al
761 1265 920 1344 ropavvrlra
936 1265 1064 1342 ἐγένοντο
1080 1267 1187 1337 αὐτοῖς.

229 1383 262 1447 Si
281 1406 488 1469 comparamus
506 1383 561 1447 hos
577 1383 675 1460 locos,
693 1389 817 1467 apparet
833 1382 959 1448 eandem
978 1384 1093 1447 narrari
1108 1404 1187 1460 rem,

183 1513 216 1567 at
248 1502 364 1567 diverso
394 1502 494 1566 modo.
540 1501 578 1566 In
601 1502 699 1586 priore
723 1501 789 1565 loco
818 1501 965 1586 legimus,
989 1501 1137 1586 Dionysio
1161 1509 1191 1565 et

182 1621 374 1707 Hipponoo,
406 1620 491 1685 alteri
522 1629 557 1684 ut
590 1621 654 1684 viro
684 1620 755 1684 forti
787 1629 816 1684 et
845 1621 889 1684 rei
911 1619 1052 1683 militaris
1075 1620 1190 1704 perito,

149 1824 152 1835 1
183 1739 271 1803 alteri
294 1747 330 1802 ut
354 1738 497 1824 prudenti
529 1737 711 1814 consultori,
743 1738 902 1823 imperium
927 1737 1104 1802 mandatum
1128 1759 1191 1802 esse

182 1881 202 1921 a
225 1856 358 1934 civibus,
391 1863 426 1920 ut
454 1879 471 1920 a
499 1855 766 1940 Carthagiensium
789 1856 994 1920 dominatione
1018 1879 1068 1919 eos
1092 1856 1192 1920 defen-

183 1976 300 2040 derent.
316 1973 356 2038 In
368 1975 532 2059 posteriore
544 1981 647 2038 autem
658 1976 796 2058 tyrannis
810 1974 949 2059 Dionysii
959 1981 1032 2038 nata
1044 1996 1108 2038 esse
1121 1973 1192 2037 dioi-

183 2104 237 2158 tur
259 2117 275 2157 e
298 2093 428 2157 civitatis
443 2094 592 2176 οὶνιιρχιοι,
612 2116 708 2178 quum
723 2095 819 2172 cives,
836 2095 950 2179 injuste
966 2094 1072 2158 occisis
1088 2093 1192 2157 decem

183 2213 331 2290 ducibus,
355 2191 449 2276 nullis
473 2213 603 2298 amplius
619 2235 723 2298 parere
738 2213 857 2298 legibus
873 2213 995 2278 vellent.
1030 2213 1075 2277 Ut
1091 2221 1191 2277 autem

184 2334 260 2396 haec
282 2333 361 2397 inter
384 2355 415 2396 se
438 2354 545 2417 parum
568 2340 759 2417 congruunt,
795 2333 839 2396 ita
867 2355 1062 2418 nequaquam
1085 2354 1192 2396 conve-

183 2452 275 2515 niunt
305 2473 375 2515 oum
410 2451 447 2514 iis
478 2473 555 2535 quae
579 2474 616 2515 ex
638 2451 872 2530 historicorum,
896 2452 1024 2516 Diodori
1045 2452 1193 2537 imprimis

183 2571 355 2634 narratione
372 2569 533 2648 discimus,
551 2571 682 2655 quirem
700 2571 743 2634 ita
757 2579 875 2649 narrat,
889 2571 941 2636 lib.
959 2570 1051 2649 XIII,
1064 2592 1090 2634 o.
1106 2573 1193 2634 81-

186 2692 239 2752 96.
291 2687 397 2768 Quum
427 2687 660 2774 Uarthagienses
689 2712 715 2753 a.
740 2693 804 2754 406
834 2712 944 2753 novam
972 2689 1193 2775 expeditionem

185 2809 220 2871 in
243 2807 377 2872 Siciliam
401 2809 603 2893 suscepissent
626 2816 656 2872 et
678 2809 784 2873 urbem
808 2809 1011 2893 Agrigentum
1038 2808 1194 2872 obsidione

187 2927 367 3017 cinxissent,
391 2925 576 3011 Daphnaeus
600 2927 712 3011 aliique
735 2927 827 2991 duces
851 2950 921 2992 oum
945 2927 1038 2991 classe
1063 2934 1092 2990 et
1115 2949 1191 2990 exer·

188 3045 252 3108 citu
283 3068 300 3108 a
331 3045 526 3130 Syracusanis
557 3045 669 3110 auxilio
692 3047 778 3110 missi
801 3053 873 3110 sunt
899 3045 1116 3131 Agrigentinis,
1152 3043 1195 3108 Hi

188 3166 222 3229 in
249 3165 355 3229 urbem
378 3165 490 3249 recepti
517 3186 586 3228 mox
613 3165 652 3229 ob
678 3165 823 3229 frumenti
845 3165 978 3250 inopiam
1009 3171 1102 3229 noctu
1133 3186 1196 3227 una

189 3305 259 3347 cum
298 3283 415 3347 civibus
453 3281 560 3346 urbem
595 3283 786 3367 reliquerunt
822 3292 852 3346 et
881 3282 1072 3347 tradiderunt
1103 3271 1195 3346 hosti·

190 3402 257 3466 bus.
288 3401 364 3466 Inde
388 3401 549 3486 Syracusas
576 3402 686 3466 reversi
710 3402 895 3487 Daphnaeus
916 3404 1042 3487 ejusque
1062 3401 1195 3485 collegae

190 3527 314 3605 propter
343 3520 479 3585 relictam
507 3519 613 3584 urbem
636 3520 669 3584 in
693 3520 836 3585 concione
859 3521 1040 3606 proditionis
1063 3542 1152 3584 accus
1171 3520 1195 3583 ti

192 3646 274 3702 sunt.
322 3640 350 3701 A
384 3638 566 3723 quibusnam
590 3639 714 3703 autem?
758 3638 831 3703 Non
855 3662 872 3702 a
894 3638 1123 3724 magistratibus
1148 3638 1196 3702 vel

191 3757 228 3822 ab
244 3757 280 3820 iis
301 3756 352 3842 qai
368 3764 433 3820 cate
453 3757 621 3842 Dionysium
637 3758 788 3840 imperium
803 3763 970 3834 tenuerant,
983 3766 1019 3821 ut
1035 3756 1110 3820 dicit
1125 3756 1197 3842 Epi-

191 3875 270 3939 stola
300 3866 334 3960 (οἱ
364 3875 416 3956 πρὸ
445 3873 589 3941 Διονυσίου
619 3873 788 3960 ἄρξοντες),
821 3876 874 3941 sed
905 3876 1093 3953 alactione,
1119 3897 1197 3958 quae

191 3995 245 4058 diu
274 3994 352 4058 clam
374 4017 421 4058 res
445 4016 537 4057 novas
561 3993 683 4082 molita,
708 4002 775 4064 tum
798 3994 930 4082 primum
951 3994 983 4057 in
1007 3993 1105 4061 lucem
1130 4016 1198 4079 pro-

192 4112 266 4190 diit,
298 4111 447 4197 cuiusque
477 4111 570 4177 duces
606 4117 692 4176 erant
726 4112 790 4201 ipse
824 4111 988 4203 Dionysius
1023 4119 1054 4175 et
1087 4111 1197 4183 Philis-
