2746 4950
656 346 717 407 189

180 555 319 620 docilitas
335 637 336 640 Ἴ
350 576 406 618 nec
437 553 582 616 memoria
613 574 749 637 unquam
781 553 939 640 [gnarum]
972 556 1096 634 efficiet:
1129 565 1188 622 ete-

178 676 243 738 nim
264 674 296 737 in
312 673 410 738 aliena
425 671 528 736 indole
544 672 669 736 omnino
684 694 747 736 non
763 673 900 757 gignitur
914 673 1080 760 [scientia].
1106 674 1187 756 Qua-

179 793 313 857 mobrem
342 792 518 876 quicunque
546 791 686 875 justitiae
715 791 881 875 ceterisque
911 792 1046 857 honestis
1070 794 1186 858 artibus

180 932 241 974 nou
273 911 334 974 sint
360 917 476 973 natura
500 909 564 994 apti
588 917 618 973 et
642 910 781 994 cognati,
805 909 877 974 licet
900 911 1050 996 ingeniosi
1073 914 1135 978 sint
1158 920 1188 976 et

180 1053 326 1096 memores
357 1029 395 1094 ad
427 1029 510 1093 aliud
543 1029 638 1107 alius,
663 1037 716 1093 aut
740 1030 793 1113 qui
816 1032 938 1114 cognati
962 1032 1084 1116 quidem
1107 1033 1186 1110 sint,

180 1151 233 1214 sed
264 1149 393 1213 hebetes
408 1136 448 1211 ¹et
478 1148 623 1212 memoria
653 1170 761 1233 parum
784 1148 936 1228 valentes,
960 1150 1069 1215 horum
1092 1151 1187 1215 nullis

180 1289 315 1352 unquam
347 1267 504 1351 continget
533 1288 657 1330 noscere
688 1267 862 1345 veritatem,
895 1268 996 1352 quoad
1027 1269 1115 1347 licet,
1139 1269 1187 1334 vel

181 1387 303 1450 virtutis
326 1385 374 1448 vel
396 1385 481 1449 vitii:
498 1406 620 1448 neccsse
637 1385 717 1448 euim
733 1394 779 1448 est
795 1385 886 1449 simul
903 1394 933 1450 et
948 1386 1002 1450 illa
1017 1387 1187 1472 perdiscere

181 1514 211 1570 et
242 1528 346 1569 verum
378 1526 412 1569 ac
443 1504 554 1568 falsum
582 1505 680 1573 totius
704 1527 805 1568 rerum
828 1512 955 1569 naturae
978 1507 1061 1569 omui
1085 1507 1187 1571 studio

181 1632 212 1690 et
241 1624 332 1708 longo
364 1647 423 1687 usu
454 1637 560 1702 nosse,
594 1624 674 1687 sicut
704 1623 792 1686 initio
824 1624 898 1688 dixi.
940 1622 1021 1688 Nam
1044 1648 1106 1689 non
1130 1625 1188 1708 nisi

180 1743 278 1807 multo
309 1743 427 1819 labore,
460 1742 577 1805 collatis
607 1743 736 1805 invicem
768 1749 798 1805 et
831 1743 916 1826 quasi
949 1743 1030 1806 tritis
1053 1744 1133 1808 inter
1156 1766 1187 1806 se
1251 1747 1254 1750 ’

180 1861 326 1946 singulis,
343 1861 517 1924 nominibus
534 1868 564 1924 et
576 1860 819 1937 definitionibus,
836 1861 908 1924 visis
925 1868 955 1925 et
971 1863 1119 1940 sensibus,
1137 1863 1187 1926 be-

181 1981 334 2064 nignaque
363 1979 581 2064 disceptatione
613 1979 764 2063 probatis
789 1979 903 2062 absque
926 1979 1041 2043 invidia
1063 1982 1189 2044 interro·

181 2099 319 2182 gantium
349 2106 379 2161 et
402 2097 669 2182 respondentium,
694 2096 820 2181 effulget
844 2098 922 2161 circa
944 2096 1188 2183 unumquodque

181 2216 308 2279 scientia
333 2223 369 2283 ,et
391 2215 584 2294 intellectus,
609 2215 794 2280 concordans
818 2238 912 2307 quam
935 2217 1064 2280 maxime
1087 2224 1189 2302 potest

181 2357 236 2420 pro
266 2335 400 2398 humana
430 2335 585 2400 facultate.
633 2334 837 2415 Quamobrem
868 2335 1001 2399 multum
1025 2336 1127 2412 abest,
1151 2342 1188 2398 ut

181 2456 227 2519 vir
250 2455 348 2538 gravis
371 2454 512 2538 gravibus
538 2462 568 2518 et
591 2455 675 2519 seriis
699 2454 736 2519 de
759 2455 849 2518 rebus
873 2455 1007 2518 scribens
1024 2477 1055 2518 se
1072 2475 1187 2537 suaque

181 2573 312 2636 invidiae
336 2573 588 2657 captionibusque
612 2573 771 2637 hominum
795 2574 927 2658 objiciat.
963 2572 1013 2636 Ad
1036 2595 1186 2636 summam

109 2729 118 2747 ·
181 2692 352 2776 intelligere
376 2715 411 2754 ex
435 2692 481 2755 his
505 2692 592 2769 licet,
618 2693 740 2776 quando
763 2693 831 2776 quis
852 2693 965 2777 scripta
981 2691 1109 2756 alicuius
1126 2713 1187 2755 cer-

182 2820 236 2877 nat
266 2814 327 2876 sive
357 2811 538 2896 legislatoris
571 2811 608 2875 de
639 2811 757 2896 legibus
789 2813 851 2876 sive
876 2812 1034 2897 [aliorum]
1059 2812 1096 2875 de
1120 2811 1186 2875 aliis

184 2929 371 3014 quibuslibet
401 2929 511 3007 rebus,
543 2952 578 2994 ea
607 2952 669 2992 nou
700 2951 755 3013 pro
786 2929 870 2993 seriis
893 2929 952 3014 ipsi
976 2952 1039 2992 esse
1063 2929 1185 3007 habita,

184 3049 210 3113 si
233 3049 339 3112 saltem
363 3049 403 3112 sit
426 3049 471 3112 vir
489 3049 571 3132 frugi
587 3055 617 3111 et
632 3048 748 3131 gravis,
766 3047 818 3110 sed
834 3048 971 3111 infimum
987 3047 1086 3110 locum
1104 3046 1186 3132 apud

184 3189 254 3232 eum
286 3167 439 3245 obtinere;
471 3167 518 3230 siu
549 3176 651 3230 autem
682 3189 784 3229 revera
814 3174 959 3249 tanquam
991 3167 1067 3229 seria
1090 3166 1127 3229 ab
1152 3187 1186 3229 eo

184 3286 278 3349 literis
302 3285 445 3350 mandata
468 3292 557 3363 sunt,
574 3285 646 3348 huic
661 3306 723 3347 non
740 3283 863 3368 quidem
879 3283 922 3347 dii
939 3285 990 3369 [ut
1005 3284 1048 3348 ait
1063 3285 1167 3370 poeta]
1175 3333 1185 3363 ,

184 3405 237 3469 sed
259 3405 401 3470 mortales
423 3412 554 3469 mentem
578 3405 764 3489 eripuerunt.
804 3398 805 3402 ¹

183 3631 226 3717 aa
241 3666 332 3714 aaran
349 3667 397 3722 aa,
415 3663 460 3714 niu
477 3663 530 3728 qun
547 3663 628 3712 muru
646 3672 718 3716 urm
736 3665 761 3714 u
777 3681 819 3715 aa
835 3669 857 3713 a
867 3671 971 3732 ,apaan
987 3665 1089 3731 aazia,
1107 3662 1185 3712 simu

183 3760 303 3810 locutione
326 3760 402 3810 utitur
421 3759 550 3819 Aristides,
573 3762 631 3828 Περὶ
650 3762 730 3826 ῥητωρ.
755 3758 807 3807 Vol.
831 3757 1098 3822 11,p.145‚uind.2
1117 3763 1186 3823 ἐντῷ

185 3860 294 3924 καλλίστῳ
309 3861 350 3908 τοῦ
367 3863 440 3924 χόρου
455 3860 554 3907 τάττειν.
