2746 4950
660 348 718 408 110

184 577 267 639 seqq.
301 559 419 635 σμικροῦ
449 554 569 626 ἐπιδεεῖς
597 550 678 620 εἶναι.
725 553 920 620 (10111111ϊί0
945 564 1047 621 autem
1070 558 1196 628 ἐπιδεεῖς

185 670 256 739 εἶναι
279 673 313 737 ri
335 675 632 751 μὴ-10110111
655 695 716 736 1101
740 673 854 738 Graeca
878 676 927 739 sit.

226 791 393 856 Affectatae
424 790 586 855 verborum
616 792 751 875 argutiae
781 799 949 857 cernuntur
969 794 1002 856 in
1025 793 1085 857 hoc
1108 794 1194 872 loco,

181 933 211 996 p.
236 913 301 974 354
324 909 370 972 A:
395 909 485 987 Λέγω
513 909 574 990 arip
597 909 630 984 di
653 910 797 986 διαιτητοῦ
820 913 885 976 τινοὶ
907 913 1008 993 τρόπον
1019 913 1196 992 διαλεγόμε-

181 1052 225 1100 νος
255 1031 291 1100 ὥς
323 1029 415 1112 δυοῖν,
446 1029 669 1109 τυραννεύσαντί
695 1053 728 1094 τε
755 1029 804 1094 καὶ
834 1031 1062 1113 τυραννευθέντι,
1092 1034 1131 1104 ὥς
1155 1031 1193 1096 ἐνὶ

181 1148 303 1229 ἑκατέρῳ
340 1146 474 1212 ταλαιοὶν
509 1149 580 1224 ἐμὴν
610 1148 789 1225 ξυμβουλήν.
835 1147 937 1229 Quam
967 1151 1125 1234 quaesitae
1154 1174 1193 1215 ne

180 1265 279 1330 dicam
301 1267 423 1351 ineptae
447 1265 650 1330 anthitheses:
675 1266 753 1344 λέγω
777 1305 822 1316 -
844 1268 1067 1352 διαλεγόμενος,
1089 1295 1191 1349 τυραν-

180 1384 310 1450 νεύσαντι
334 1424 379 1434 --
400 1384 626 1467 τυραννευθέντι,
649 1388 686 1457 ὡς
708 1385 781 1451 δυοῖν
803 1425 849 1435 -
870 1390 906 1460 ὡς
930 1389 978 1452 ἔνι’.
1015 1387 1122 1454 Simile
1147 1401 1193 1454 est

180 1503 262 1588 quod
285 1525 357 1568 mox
380 1504 524 1588 legimus:
549 1501 577 1578 ὃς
602 1505 684 1570 ἰδὼν.
701 1554 731 1570 ..
754 1506 976 1588 διαφθείραντας
1003 1509 1124 1581 ἑαυτοὺς
1141 1511 1191 1574 καὶ

179 1622 232 1696 τὴν
260 1623 344 1688 πόλιν
366 1622 549 1704 ἑκατέρους
571 1623 755 1705 ἑκατέραν,
775 1632 926 1708 postrema
948 1625 1050 1713 inepte
1070 1627 1192 1705 addita;

181 1747 211 1804 et
241 1763 271 1825 p.
304 1743 368 1804 356
401 1742 443 1804 A:
478 1743 570 1820 τρίτον
601 1742 630 1806 δὲ
661 1743 864 1822 προκαλεῖσθαι
898 1746 956 1825 χρὴ
989 1743 1191 1822 βασιλέα...

175 1857 306 1954 Ιέκοντα
337 1860 483 1935 ἑκούσας
516 1869 568 1935 τῆς
607 1870 782 1953 πόλεως...
821 1862 871 1926 ε’όιν
906 1862 986 1944 ε’θέλρ
1013 1864 1097 1928 ἑκὼν
1127 1867 1191 1931 κτέ.
1245 1933 1248 1937 ,

179 1976 308 2041 Prorsus
339 1987 442 2042 autem
469 1978 606 2063 ineptum
638 1978 719 2063 quod
750 1978 891 2064 deinceps
920 1980 1040 2044 scribit:
1069 1983 1192 2060 δύναμιν

180 2098 279 2168 αὐτοῖς
295 2096 390 2168 δόντες
405 2097 469 2162 εἴτ’
487 2097 698 2176 όφελόντεςι
724 2097 876 2182 quomodo
892 2121 990 2163 sermo
1006 2107 1110 2186 potest
1125 2124 1192 2166 esse

179 2215 217 2299 de
247 2215 407 2280 adimenda
437 2223 587 2301 potestate
618 2218 663 2294 ei,
701 2218 751 2282 oui
787 2218 924 2281 nondum
955 2218 1018 2282 ulla
1052 2227 1192 2304 potestas

178 2337 338 2401 commissa
367 2336 618 2418 111Ροὶφε1όντες
643 2344 743 2422 aperte
767 2337 923 2417 additum,
948 2346 984 2402 ut
1006 2340 1187 2424 oppositum

179 2455 219 2518 sit
247 2454 337 2519 verbo
368 2455 472 2527 δόντες.
519 2454 611 2519 Vides
642 2457 818 2542 scriptorem
849 2458 983 2543 argutias
1007 2468 1191 2537 venantem,

179 2573 216 2638 de
239 2597 328 2639 sensu
352 2598 459 2660 parum
482 2576 656 2641 sollicitum.

222 2692 405 2778 Expromam
437 2694 527 2758 etiam
559 2718 654 2759 unum
688 2702 718 2758 et
738 2675 877 2759 ‘alterum
908 2694 1009 2759 locum
1041 2703 1192 2780 tanquam

177 2813 328 2896 specimen
351 2812 634 2896 grandiloquentiae
659 2821 689 2877 et
714 2814 843 2898 tragicae
866 2814 1027 2881 verborum
1046 2837 1190 2901 pompae.

148 3003 150 3007 .
177 2929 363 2994 Huiusmodi
386 2939 458 2994 sunt
482 2932 569 3008 haec,
594 2955 623 3017 p.
641 2934 705 2995 354
722 2930 759 2994 O:
784 2929 797 2995 i
815 2931 912 3006 11111
930 2938 977 2997 νῦν
996 2934 1082 3011 οὑμὸς
1095 2934 1189 3012 λόγος

178 3052 251 3113 τόισι
271 3051 558 3131 παρακελεύεται...
585 3049 707 3132 φεύγειν
729 3059 814 3131 (Dona
836 3052 1029 3126 οὶτιλόστας
1049 3054 1191 3118 πεινών-

177 3192 242 3232 των
256 3167 516 3246 εὐδαιμόνισμα
531 3168 714 3249 ἀνθρώπων
730 3170 787 3233 καὶ
804 3170 972 3244 duodena,
992 3169 1021 3232 h.
1036 3192 1061 3232 e.
1078 3170 1189 3256 fugere

178 3287 320 3350 hominum
339 3287 502 3350 insatiabili
514 3288 603 3374 fame
621 3287 805 3351 ακνόαιθόανα
824 3288 982 3352 deliciaset
993 3290 1185 3369 dementiam,

179 3404 324 3489 intelligit
346 3405 546 3490 tyrannidem.
591 3405 633 3468 Et
663 3428 692 3489 p.
724 3407 784 3470 357
811 3407 856 3468 A:
880 3409 1028 3485 κρατήσας
1052 3412 1110 3471 τῶν
1134 3412 1190 3490 ε’χ·

179 3526 244 3604 θρῶν
273 3525 336 3600 μεθ’
370 3524 464 3607 ὑμῶν,
494 3525 522 3588 εἰ
553 3524 599 3599 μὴ
626 3522 763 3599 ξενικαὶ
790 3521 961 3604 Ἑριννόες
984 3525 1187 3614 ἐκώλυσαν,

179 3641 209 3705 h.
241 3665 266 3705 e.
301 3644 401 3724 Ιιοερα
434 3643 485 3727 qni
517 3664 560 3705 αιο
593 3642 756 3728 interfecit,
781 3665 888 3726 nempe
912 3641 1088 3727 Callippus,
1128 3649 1186 3731 qni

178 3762 210 3824 in
240 3760 380 3846 Epistola
412 3759 485 3837 VII,
512 3778 550 3845 p.
583 3763 646 3823 336
678 3761 719 3838 Β,
744 3760 835 3824 simili
857 3761 1034 3846 metaphora
1057 3773 1188 3829 vocatur

178 3879 321 3956 όλιτήριός
350 3903 394 3951 τις
425 3880 557 3955 ἐμπεσὼν
586 3881 693 3961 οὶνιριόρι
726 3878 774 3942 καὶ
805 3880 945 3954 οὶθεότνρτν.
993 3878 1082 3943 Nihil
1111 3905 1186 3948 vero

178 3996 367 4080 splendidius
398 4019 489 4080 quam
523 3997 713 4060 enuntiatum
749 3998 778 4059 in
810 3997 946 4081 epilogo,
980 4020 1040 4081 quo
1071 4002 1186 4084 episto·

178 4117 237 4179 lam
267 4115 313 4179 vel
336 4117 438 4200 potius
461 4102 634 4196 δημιρρορίαν
664 4115 788 4179 claudit.
843 4116 902 4178 Dio
925 4116 1032 4179 suadet
1055 4119 1184 4200 amicis,
