2746 4950
659 312 722 373 223

147 491 150 495 i
181 521 241 584 bus
280 519 396 583 Socrati
435 519 550 603 primae
586 517 718 582 tributae
750 527 839 596 suut,
872 519 909 584 ab
944 519 1189 604 epistolographo

139 656 142 660 ·
181 637 353 718 Σοκροέτεοα
387 638 469 714 λόγον
506 639 653 701 vocantur
684 640 725 722 (p.
751 639 813 700 363
835 640 884 720 A).
933 637 971 702 In
998 637 1103 701 eodem
1122 635 1191 700 >dia-

181 759 252 841 logo
286 757 385 821 multa
419 756 564 840 leguntur
599 778 675 840 quae
710 755 1021 840 epPythagoreorum
1052 756 1191 823 doctriua

181 886 256 941 sunt
278 874 435 952 desumta;
460 898 485 938 0.
510 897 538 958 g.
564 897 642 957 quae
665 874 863 959 disputantur
885 868 923 939 dt
947 875 1040 939 animi
1064 875 1191 938 elemen-

181 995 222 1058 tis
254 994 422 1067 secuudum
454 994 681 1070 mathematicas
709 1003 739 1059 et
763 995 893 1061 musicas
917 996 1048 1058 rationes
1072 1016 1191 1078 compo·

181 1113 266 1189 sitis,
291 1136 321 1197 p.
339 1116 487 1190 34-37;
505 1113 543 1176 de
558 1121 674 1197 septem
690 1101 968 1197 muudisphaeris,
994 1136 1023 1196 p.
1041 1114 1188 1189 39-40;
1228 1150 1230 1153 -

182 1232 221 1295 de
244 1231 350 1315 figuris
373 1231 611 1308 mathematicis,
636 1253 711 1315 quas
735 1231 857 1315 singula
880 1231 1028 1306 elementa
1043 1231 1188 1306 referant,
1223 1290 1224 1293 ,

183 1373 214 1436 p.
240 1353 383 1414 rel-tc.
419 1350 490 1414 Vid.
515 1348 708 1415 Stallbaumii
730 1350 900 1434 Prolegom.
926 1349 963 1413 ad
987 1349 1064 1413 Tim.
1090 1371 1119 1433 p.
1137 1351 1176 1414 37
1182 1397 1189 1411 .

180 1469 296 1548 Tamen
323 1468 407 1533 haud
431 1468 493 1532 scio
516 1492 554 1534 an
572 1469 663 1533 etiam
686 1469 744 1532 hoc
767 1468 860 1532 titulo
886 1469 988 1552 potius
1011 1476 1191 1533 commenta·

179 1589 245 1653 rius
268 1587 377 1671 aliquis
405 1587 541 1651 Platonis
565 1588 687 1651 nomine
704 1586 802 1651 editus
826 1587 1021 1671 significetur.
1069 1587 1190 1672 Simpli-

181 1707 248 1771 cius
283 1706 322 1770 ad
353 1706 479 1769 Aristot.
512 1705 549 1769 de
581 1707 682 1770 Auim.
714 1706 766 1770 fol.
793 1707 812 1767 6
843 1704 888 1783 B,
912 1714 1015 1770 narrat
1038 1707 1190 1770 exstitisse

131 1897 134 1902 ‚
180 1824 358 1900 Aristotelis
371 1825 622 1890 commentarium
634 1826 696 1906 περὶ
713 1826 856 1908 τάγαθοῦ,
876 1847 967 1909 quem
983 1824 1113 1889 eundem
1129 1826 1190 1906 περὶ

180 1946 361 2027 φιλοσοφίας
391 1944 573 2028 inscriptum
603 1943 713 2020 luisse,
743 1966 804 2028 quo
828 1936 1057 2008 continerentur
1079 1943 1192 2029 Pytha·

181 2085 345 2148 goreorum
375 2071 404 2126 et
424 2062 561 2126 Platonis
585 2062 697 2147 placita
720 2062 758 2126 de
781 2063 866 2126 ideis
903 2062 1005 2126 Verba
1028 2063 1093 2126 eius
1116 2063 1190 2126 baec

182 2190 273 2245 sunt:
304 2182 380 2262 περὶ
409 2182 632 2264 φιλοσοφίας
662 2188 709 2247 νῦν
736 2182 817 2258 λέγει
846 2183 893 2247 τοὶ
920 2181 997 2262 περὶ
1029 2182 1191 2258 τάγαθοῦ

182 2300 264 2379 αὐτῷ
292 2300 368 2382 (scil.
393 2299 595 2385 Ἀριστοτέλει)
627 2303 659 2364 ἐκ
680 2309 733 2376 τῆς
756 2299 922 2372 Πλάτωνος,
935 2301 1192 2380 ἀναγεγραμμένα

181 2417 347 2501 ξυνουσίας,
371 2421 399 2483 ἕν
428 2415 467 2490 οἷς
491 2421 597 2500 ἱστορεῖ
616 2418 671 2491 τοὶς
694 2445 728 2484 rs
750 2419 1011 2497 Πυθαγορείους
1034 2420 1083 2483 καὶ
1107 2430 1191 2485 Πλα-

181 2537 305 2607 τυννκὸος
340 2537 402 2617 περὶ
434 2542 488 2600 τῶν
524 2536 608 2602 ὄντων
645 2536 740 2612 δόξας.
787 2537 903 2600 Eadem
934 2537 1079 2620 leguntur
1110 2535 1191 2621 apud

181 2621 391 2739 Pliiloponum
418 2653 456 2717 ad
487 2655 518 2718 h.
542 2655 580 2732 1.,
609 2655 721 2738 quibus
745 2654 906 2740 adjiciatur
929 2653 1038 2718 Suidas
1061 2655 1093 2718 in
1116 2677 1189 2718 voce

181 2774 275 2850 οέγαθ.
300 2773 382 2850 terp.
417 2772 488 2864 (Vol
520 2771 554 2850 l,
586 2773 644 2837 ool.
677 2775 728 2836 36.
759 2773 805 2836 ed.
841 2772 976 2856 Bernh.).
1024 2771 1118 2856 Saepe
1141 2773 1191 2836 hie

181 2891 261 2955 liber
291 2892 353 2972 napi
385 2894 516 2968 τάγαθοῦ
548 2893 659 2955 01101111
684 2892 721 2955 ab
745 2891 947 2955 Aristotelicis
971 2899 1001 2954 01
1023 2890 1191 2954 Platonicis

182 3010 326 3093 (quorum
357 3010 530 3073 testimonia
561 3011 713 3094 congessit
743 3010 922 3072 Braudisius
953 3009 1020 3072 libr.
1045 3008 1128 3072 laud.
1157 3019 1194 3092 p.'

185 3130 274 3192 3-8
297 3137 327 3192 et
350 3116 476 3213 psit),
503 3151 605 3192 verum
627 3136 690 3192 tam
714 3129 859 3206 obscure,
876 3137 928 3206 ut,
945 3136 1051 3192 utrum
1067 3127 1190 3190 illorum

183 3246 345 3310 relationes
362 3269 378 3310 0
394 3247 473 3310 fama
492 3269 530 3310 au
553 3248 642 3311 certis
666 3269 682 3310 e
697 3247 902 3314 monumentis
919 3246 1030 3310 ductae
1046 3250 1076 3308 01
1092 3245 1192 3329 prodi·

132 3361 137 3370 ⁴
184 3373 234 3430 tae
258 3367 336 3442 sint,
360 3365 482 3429 dubites
496 3366 520 3450 ¹)
543 3387 635 3449 quare
660 3389 694 3429 ex
716 3357 858 3443 illoium,
875 3365 1100 3429 narrationibus
1117 3365 1191 3428 certi

186 3473 261 3567 quid
291 3492 424 3548 statuere
454 3506 516 3549 non
546 3483 627 3548 licet.
668 3483 801 3548 Maxime
828 3480 1023 3550 memorabile
1050 3483 1127 3548 mihi
1149 3484 1191 3544 vi-

221 3729 243 3789 l)
261 3729 298 3778 Ex
316 3728 484 3793 interpretibus
502 3729 542 3792 qni
560 3729 634 3778 citant
652 3729 850 3777 commentarium
865 3733 1039 3798 πιρῑτάγοιθοῦ,
1052 3727 1191 3776 3100111101

187 3829 257 3890 putat
278 3825 395 3874 nemiuem
416 3829 509 3888 praeter
531 3825 691 3874 Alexandrum
715 3824 884 3888 Aphrodisium
902 3824 966 3873 hunc
983 3825 1008 3872 iu
1026 3824 1134 3872 manibus
1151 3823 1192 3872 ha·

187 3922 266 3969 baisse
284 3920 345 3981 (libr.
364 3921 426 3969 laud.
444 3920 519 3984 111).
537 3919 767 3981 Trendelenburgius
784 3924 863 3968 autem
882 3921 906 3980 (l.
924 3919 940 3969 l.
954 3938 976 3984 p.
991 3919 1191 3978 1910001110

187 4014 344 4064 relationibus
371 4015 399 4064 (10
428 4016 473 4064 boc
501 4031 571 4080 opere
596 4019 664 4063 caute
688 4015 755 4064 nobis
779 4016 892 4064 utendum
917 4031 966 4063 esse
990 4020 1082 4073 11101101,
1106 4015 1192 4078 quippe

188 4113 228 4175 qui
245 4129 361 4176 nusquam
378 4112 429 4176 ipss
447 4111 584 4160 Aristotelis
602 4112 672 4160 verba
689 4113 779 4161 afferat.
