2746 4950
658 326 701 386 94

179 526 211 606 ἦν
232 530 304 612 τθτε
322 528 363 594 ric
384 529 425 594 σοὶ
446 528 652 607 βουλεύεσθαι,
676 536 726 594 σοῦ
751 529 779 594 δὲ
807 529 883 600 θντος
906 530 959 607 μὲν
974 527 1097 623 σφόδρα
1112 531 1192 610 νέον,

178 656 289 722 πολλῆς
312 647 340 711 δὲ
369 648 501 728 οὶτεηίας
531 647 616 724 οθοης
646 648 708 729 περὶ
731 648 763 713 σὲ
785 648 894 713 τούτων
916 646 952 713 ὧν
975 647 1110 728 ἔμπειρον
1134 650 1192 716 ἔδει

177 765 343 846 γενονέναι,
374 764 423 832 καί
453 767 566 847 σφόδρα
595 768 723 844 οίννῶτος
754 768 834 845 ε’μοί.
865 768 898 833 τὸ
921 768 1001 847 μεσθο
1023 775 1111 834 τοῦτο
1136 768 1192 834 εἴτ’

177 885 319 967 ἄνθρωπος
342 884 400 950 είτε
422 886 481 958 θεὸς
504 885 562 951 είτε
585 884 665 966 τείχη
688 911 731 958 τις
755 886 836 964 μετὰ
860 892 910 952 σοῦ
934 887 1031 952 Δίωνα
1056 886 1191 966 ἐξέβαλε

178 1005 226 1070 καί
249 1005 384 1085 ἐλείφθης
406 1003 499 1079 μθνος.
546 1001 646 1068 Nemo
676 1003 750 1067 haec
780 1004 884 1089 legens
913 1026 975 1069 non
999 1005 1192 1070 animadver-

177 1131 240 1201 tat,
274 1145 352 1206 quae
383 1121 433 1185 hic
464 1121 502 1186 de
524 1121 624 1186 Dione
647 1130 677 1186 et
699 1122 847 1207 Dionysio
871 1122 1120 1188 adolescentibus
1144 1124 1192 1188 di·

178 1249 291 1306 cuntur
314 1241 430 1325 aliquid
454 1241 611 1326 superbiae
634 1241 763 1326 spirare,
785 1242 872 1325 quasi
887 1265 975 1306 nemo
992 1242 1031 1307 ad
1047 1243 1091 1308 τθο
1108 1259 1192 1310 στολο-

178 1363 247 1427 τνκίο
271 1368 374 1446 posset
392 1382 457 1424 esse
479 1359 647 1424 instructus
667 1361 727 1424 nisi
747 1361 799 1444 qui
815 1360 938 1425 Platoni
946 1362 1094 1446 cognitus
1109 1371 1192 1427 esset

178 1488 208 1544 ct
230 1479 385 1564 probatus.
425 1477 491 1556 ,sed
522 1479 579 1541 hoo
602 1486 638 1542 ut
661 1479 814 1558 omittam,
840 1479 994 1544 videamus
1019 1479 1056 1543 de
1074 1480 1188 1546 verbis.

177 1599 315 1663 Primum
339 1597 461 1662 attende
483 1597 694 1682 repetitionem
716 1598 749 1662 in
772 1598 836 1662 his:
860 1599 958 1681 ἡλικία
972 1599 1049 1681 μέση
1064 1598 1119 1664 καί
1135 1625 1189 1664 κα-

177 1716 330 1793 θεστηκνίηι
348 1717 387 1800 1);
411 1715 503 1780 iidem
534 1716 679 1780 nimirum
710 1723 783 1779 sunt
813 1718 837 1782 οἱ
867 1715 1075 1792 καθεστηκότες
1110 1725 1142 1781 et
1165 1718 1190 1782 ci

177 1838 207 1902 ἕν
235 1834 311 1916 μέση
337 1835 442 1917 ἡλικίην.
495 1833 565 1914 Quo
600 1843 701 1900 autem
735 1835 864 1900 refertur
896 1836 1069 1921 proximum
1106 1837 1188 1902 illud

177 1951 235 2019 cia?
280 1953 352 2017 Nou
383 1960 483 2038 potest
512 1953 633 2031 referri,
669 1953 751 2036 quod
786 1954 883 2038 prima
906 1955 1004 2038 speeie
1029 1954 1187 2035 videatur,

178 2072 215 2136 ad
239 2072 353 2149 ἡλικίαν
376 2073 466 2150 μέσην
490 2072 539 2136 καί
563 2072 786 2149 καθεστηκυίαν,
804 2094 900 2155 quum
916 2072 989 2136 haec
1005 2072 1070 2136 duo
1087 2096 1190 2138 unum

177 2191 318 2274 idemque
340 2197 456 2254 notent.
503 2189 549 2253 Ex
572 2191 729 2256 amborum
751 2191 956 2256 membrorum
971 2193 1189 2276 oppositione,

178 2315 229 2374 τοῦ
252 2309 305 2386 μὲν
328 2308 583 2388 δεδοκιμασμένον,
691 2310 719 2372 ἐν
748 2310 846 2392 ηλνκίηο
868 2310 891 2373 δ’
906 2309 983 2381 ὄντος
995 2359 1004 2388 ,
1029 2317 1060 2373 et
1082 2317 1137 2376 σοῦ
1161 2312 1192 2377 δὲ

180 2427 255 2500 ὄντος
279 2426 337 2491 νέον
436 2426 485 2491 καί
508 2428 638 2503 οίννῶτος
663 2428 739 2506 ε’μοί,
764 2436 889 2512 apparet
912 2428 1030 2513 plurale
1054 2425 1090 2492 ὧν
1115 2430 1192 2495 refe·

179 2547 308 2612 rendum
332 2569 396 2610 esse
419 2545 457 2610 ad
481 2547 569 2610 ambo
593 2546 688 2610 haee:
720 2547 960 2627 δεδοκιμασμένου
983 2555 1014 2612 et
1036 2551 1065 2613 ἓν
1088 2551 1192 2634 ἡλικίης

178 2665 264 2736 θντος.
299 2664 374 2728 Plus
397 2663 553 2728 molestiae
577 2672 623 2728 est
646 2665 678 2729 iu
702 2664 812 2758 dativis
835 2675 895 2734 τοῖς
918 2673 980 2731 νοῦν
1001 2666 1051 2731 καὶ
1068 2669 1191 2749 σμικρὸν

179 2783 360 2862 κεκτημένοις
383 2785 521 2861 μέλλουσι
545 2783 605 2848 κτὲ.
652 2783 754 2849 Verba
776 2785 802 2847 si
832 2785 953 2871 proprie
977 2785 1190 2869 accipiuntur,

179 2905 237 2967 hoc
271 2904 461 2988 significant:
496 2911 653 2987 „spectata
687 2903 851 2988 prudentia
885 2914 915 2969 et
944 2913 1065 2970 matura
1087 2914 1190 2972 aetate

180 3045 258 3107 opus
289 3029 334 3086 est
363 3023 401 3086 iis
443 3023 497 3105 qui
526 3022 574 3086 vel
605 3024 730 3108 paulum
766 3047 856 3089 sanae
878 3027 988 3090 mentis
1012 3026 1192 3111 possideant

181 3163 277 3224 quum
301 3139 339 3204 ad
361 3148 461 3204 tantas
484 3164 530 3204 res
554 3141 700 3225 gerendas
723 3144 870 3209 accessuri
899 3144 1001 3208 sunt.''
1046 3145 1115 3209 Hoc
1137 3171 1191 3212 au·

179 3266 241 3322 tem
272 3258 341 3322 vide
369 3281 407 3322 ne
435 3258 574 3343 ineptum
604 3259 714 3325 habeat
744 3283 886 3325 sensum:
911 3285 981 3325 nam
1004 3264 1058 3346 qui
1081 3264 1190 3330 sanam

180 3385 310 3442 mentem
334 3377 460 3455 habent,
485 3377 533 3441 his
549 3402 620 3443 sane
637 3378 738 3443 adsint
752 3380 806 3443 illa
822 3381 934 3464 quibus
952 3381 991 3444 ad
1006 3405 1069 3446 rem
1082 3405 1190 3466 geren·

181 3497 250 3561 dam
273 3520 350 3581 opus
374 3503 428 3560 est.
463 3494 547 3560 Num
567 3491 629 3561 lioc
644 3498 742 3562 voluit
757 3500 904 3585 scriptor:
932 3502 1040 3584 „annis
1056 3509 1086 3565 et
1098 3524 1191 3589 expe·

179 3614 290 3678 rientia
319 3637 395 3699 opus
427 3621 473 3677 est
502 3615 539 3677 iis
571 3615 625 3698 qui
654 3639 711 3679 aon
740 3618 934 3698 imprudenter
960 3619 998 3683 ad
1021 3619 1190 3705 rempubli-

180 3754 246 3795 cam
280 3731 420 3795 accedere
454 3731 549 3795 velint
557 3732 591 3795 ?¹'
640 3733 690 3796 Ita
725 3757 795 3798 vero
830 3736 977 3801 articulus
1008 3745 1067 3808 τοῖς
1095 3738 1189 3825 jungi

215 4029 239 4091 1)
257 4030 349 4078 Similes
372 4030 520 4094 pleonasmos
543 4031 622 4079 notavi
641 4032 665 4079 in
682 4032 726 4095 Ep.
745 4032 799 4091 Vll,
817 4034 852 4082 uti
870 4050 893 4098 p.
912 4034 959 4083 325
977 4035 1005 4083 B.
1023 4042 1054 4087 τὰ
1071 4043 1131 4088 κοινὰ
1149 4044 1190 4092 καί

182 4128 292 4175 πολιτικά.
310 4124 364 4173 vid.
381 4140 452 4188 supra
469 4142 490 4189 p.
509 4125 549 4174 46.
