2746 4950
624 276 799 396 '33¹

178 529 348 613 illaquam
371 528 408 592 de
431 528 646 613 Syracusarum
669 530 791 594 civitate
818 530 975 595 liberanda
998 534 1186 618 concepisset

181 647 350 711 sententia:
382 648 426 719 τίς
449 642 516 722 δ’ἦν
539 649 553 714 o‘
575 647 676 729 τρόπος
699 656 751 723 τῆς
774 649 912 725 γενέσεως
936 652 1027 725 αὐτῆς
1058 654 1109 734 (sc.
1134 660 1186 726 τῆς

182 765 286 839 Δίωνος
318 767 453 853 oraretur)
483 769 534 832 οὐκ
555 767 681 846 dualiter
703 769 835 833 ἀκοῦοοοο.
860 791 889 853 p.
915 771 979 832 324
1002 769 1038 832 B.
1064 769 1187 855 Repetit

181 885 212 948 id
244 909 261 948 a
291 886 388 970 primo
419 908 474 949 suo
507 886 640 950 adventu
665 887 697 950 in
725 886 876 970 Siciliam,
905 909 966 971 quo
992 895 1127 973 tempore
1155 889 1187 952 in

181 1004 289 1068 Dionis
317 1014 440 1069 venerat
470 1005 724 1083 familiaritatem,
756 1005 865 1069 deinde
888 1027 966 1089 quae
988 1007 1061 1070 huie
1083 1008 1187 1072 itineri

182 1123 369 1186 occasionem
397 1122 553 1201 dederint,
578 1145 656 1206 quae
679 1131 868 1208 antegressa,
893 1146 971 1208 quae
998 1132 1103 1189 secuta
1126 1126 1188 1189 sint

181 1249 244 1304 tam
274 1242 390 1326 prolixe
413 1249 548 1320 enarrat,
574 1249 611 1306 ut
633 1243 735 1328 potius
758 1243 895 1307 Platonis
918 1245 999 1308 vitae
1011 1245 1187 1310 ‚eonsilium

183 1370 213 1425 et
242 1362 419 1425 institutum
450 1361 521 1425 inde
545 1361 582 1425 ab
606 1362 810 1428 adolescentia
834 1385 924 1446 quam
948 1365 1056 1428 Dionis
1080 1358 1187 1429 volun·

181 1488 274 1545 tatem
297 1489 328 1545 et
349 1487 483 1545 mentem
513 1481 664 1547 declarare
691 1483 724 1547 in
748 1484 849 1548 animo
871 1484 1014 1548 habuisse
1038 1484 1185 1548 videatur.

225 1719 268 1782 H.
292 1719 361 1782 Jam
384 1718 423 1783 ad
444 1717 612 1797 ξυμβουλὴν
628 1720 835 1805 progreditur:
860 1720 1016 1785 videamus
1034 1721 1187 1805 quomodo

180 1837 212 1900 id
236 1837 318 1921 quod
341 1816 503 1921 pollicetur
524 1836 643 1901 efficiat.
668 1837 726 1900 Est
740 1839 814 1901 haee
831 1838 926 1902 altera
942 1839 1087 1924 epistolae
1102 1861 1186 1923 pars,
1208 1811 1210 1813 Ι

180 1958 214 2020 in
237 1979 298 2041 qua
320 1956 429 2019 Diouis
449 1957 608 2021 familiares
632 1957 752 2021 docebit
778 1955 875 2039 ἃχρὴ
895 1965 982 2022 ποιεῖν
1006 1959 1038 2023 ἐκ
1062 1964 1117 2023 τῶν
1140 1963 1187 2023 νῦν

181 2077 349 2154 γεγονότων.

226 2195 341 2281 Incipit
370 2219 388 2259 a
416 2196 549 2280 generali
573 2195 776 2278 quaestione,
808 2193 962 2272 docendo,
993 2216 1084 2278 quam
1107 2194 1186 2258 viam

182 2323 213 2379 et
242 2317 390 2380 rationem
419 2316 456 2379 in
475 2314 609 2380 consiliis
632 2313 740 2377 dandis
765 2313 827 2377 sive
856 2314 984 2398 singulis
1007 2314 1182 2378 hominibus
1206 2370 1210 2383 ,

182 2458 234 2499 seu
264 2435 436 2499 civitatibus
468 2432 653 2518 sequendam
677 2439 806 2498 censeat.
842 2431 977 2497 Consilia
998 2456 1061 2497 non
1084 2433 1183 2497 danda
1286 2491 1288 2508 ξ

181 2576 245 2617 esse
275 2553 335 2617 nisi
364 2554 481 2638 petenti
509 2560 539 2616 et
562 2552 688 2636 obsequi
711 2551 861 2637 cupienti,
885 2552 1000 2616 nemini
1022 2575 1092 2616 vero
1115 2575 1184 2617 eon·

181 2671 284 2735 silium
314 2671 550 2735 obtrudendum.
597 2670 686 2735 Hanc
715 2671 794 2735 viam
824 2694 855 2734 se
879 2678 910 2734 et
933 2678 1021 2735 antea
1044 2678 1183 2735 secutum

182 2800 213 2854 et
245 2814 329 2854 nunc
362 2798 540 2855 secuturum
574 2790 717 2854 declarat.
763 2789 802 2853 Id
836 2791 988 2874 praefatus
1019 2791 1185 2855 revolvitur

182 2910 221 2973 ad
255 2911 392 2994 querelas
427 2910 464 2974 de
498 2911 652 2994 Dionysiis
684 2916 769 2995 patre
801 2917 831 2973 et
861 2909 939 2988 filio,
968 2931 1099 2993 quorum
1132 2908 1185 2972 ille

181 3028 345 3093 infidorum
373 3029 540 3093 amicorum
570 3028 704 3092 consiliis
735 3028 896 3092 obsecutus
927 3026 1069 3113 septuplo
1105 3027 1185 3112 peio-

181 3171 245 3211 rem
276 3170 307 3210 se
337 3146 472 3210 ostendit
502 3146 595 3210 Dario
627 3146 798 3231 (Hystaspis
817 3145 919 3240 ilio),
949 3146 1069 3226 Δοορείου
1093 3146 1183 3210 ἐπτοο-

183 3264 313 3338 οτλοοοίος
340 3264 519 3346 φαυλότερον
538 3265 579 3349 l)‚
604 3271 634 3329 et
661 3286 757 3347 quum
785 3262 919 3327 Siciliam
942 3263 1184 3327 florentissimam

181 3384 306 3448 reddere
336 3384 504 3469 potuisset,
535 3383 697 3468 imperium
727 3405 822 3467 paene
854 3382 971 3459 amisit,
996 3381 1072 3445 alter
1095 3404 1182 3460 vero,
1231 3394 1234 3400 '

181 3505 289 3589 spretis
312 3503 510 3566 honestorum
533 3503 698 3566 amicorum
721 3501 873 3579 consiliis,
897 3500 1009 3584 quibus
1037 3507 1185 3563 vastatam

181 3622 315 3686 Siciliam
345 3644 478 3685 recreare
510 3628 540 3685 et
571 3621 742 3684 Poenorum
773 3610 1010 3683 dominationem
1041 3618 1185 3703 repellere

216 3923 241 3983 1)
259 3923 308 3971 eur
330 3921 508 3979 ἇπταπλασὶωςῗ
541 3920 614 3969 Ludit
631 3919 744 3968 nimirum
766 3919 791 3967 in
808 3934 836 3966 eo
853 3917 917 3982 quod
933 3917 1137 3979 Darius'regnum
1150 3914 1185 3962 di-

183 4017 239 4067 visit
260 4018 285 4066 in
311 4021 401 4082 septem
422 4020 514 4083 partes,
539 4032 639 4080 quarum
656 4003 762 4080 quaeque
780 4014 856 4064 maior
872 4030 942 4078 quam
960 4015 1012 4062 tota
1029 4010 1109 4060 Sicilia
1126 4009 1186 4069 fuit,

183 4118 211 4161 ut
228 4129 283 4162 mox
300 4113 371 4162 dicit:
396 4115 494 4178 διένιιμέ
515 4133 542 4164 το
558 4120 620 4182 μέρη
636 4115 710 4177 μείζω
726 4115 813 4162 ἔκαστοι
829 4113 1018 4168 Σοκελὶαςπάσης
1034 4109 1102 4158 lara.

1049 4203 1068 4259 3
