<?xml version="1.0" encoding="UTF-8"?>
<!DOCTYPE html PUBLIC "-//W3C//DTD XHTML 1.0 Transitional//EN"
    "http://www.w3.org/TR/xhtml1/DTD/xhtml1-transitional.dtd">
<html xmlns="http://www.w3.org/1999/xhtml" xml:lang="en" lang="en">
 <head>
  <title>
</title>
<meta http-equiv="Content-Type" content="text/html;charset=utf-8" />
  <meta name='ocr-system' content='tesseract 3.04.00' />
  <meta name='ocr-capabilities' content='ocr_page ocr_carea ocr_par ocr_line ocrx_word'/>
</head>
<body>
  <div class='ocr_page' id='page_1' title='image "./commentatiocrit00karsgoog_0246.png"; bbox 0 0 2746 4950; ppageno 0'>
   <div class='ocr_carea' id='block_1_1' title="bbox 550 340 612 398">
    <p class='ocr_par' dir='ltr' id='par_1_1' title="bbox 550 340 612 398">
     <span class='ocr_line' id='line_1_1' title="bbox 550 340 612 398; baseline 0 0"><span class='ocrx_word' id='word_1_1' title='bbox 550 340 612 398; x_wconf 77' lang='lat'>205</span> 
     </span>
    </p>
   </div>
   <div class='ocr_carea' id='block_1_2' title="bbox 24 543 1079 1222">
    <p class='ocr_par' dir='ltr' id='par_1_2' title="bbox 72 543 1077 631">
     <span class='ocr_line' id='line_1_2' title="bbox 72 543 1077 631; baseline 0.001 -23"><span class='ocrx_word' id='word_1_2' title='bbox 72 545 187 628; x_wconf 82' lang='lat' dir='ltr'>inquit,</span> <span class='ocrx_word' id='word_1_3' title='bbox 212 566 230 608; x_wconf 94' lang='lat' dir='ltr'>o</span> <span class='ocrx_word' id='word_1_4' title='bbox 253 543 405 620; x_wconf 90' lang='lat' dir='ltr'>Phaedre,</span> <span class='ocrx_word' id='word_1_5' title='bbox 430 544 499 607; x_wconf 90' lang='lat' dir='ltr'>talis</span> <span class='ocrx_word' id='word_1_6' title='bbox 524 550 569 607; x_wconf 87' lang='lat' dir='ltr'>est</span> <span class='ocrx_word' id='word_1_7' title='bbox 593 544 697 627; x_wconf 84' lang='lat' dir='ltr'>quales</span> <span class='ocrx_word' id='word_1_8' title='bbox 720 567 775 608; x_wconf 91' lang='lat' dir='ltr'>nos</span> <span class='ocrx_word' id='word_1_9' title='bbox 805 569 868 610; x_wconf 89' lang='lat' dir='ltr'>esse</span> <span class='ocrx_word' id='word_1_10' title='bbox 901 569 956 631; x_wconf 82' lang='lat' dir='ltr'>ego</span> <span class='ocrx_word' id='word_1_11' title='bbox 987 555 1017 610; x_wconf 89' lang='lat' dir='ltr'>et</span> <span class='ocrx_word' id='word_1_12' title='bbox 1043 555 1077 610; x_wconf 91' lang='lat' dir='ltr'>tu</span> 
     </span>
    </p>

    <p class='ocr_par' dir='ltr' id='par_1_3' title="bbox 69 662 1079 749">
     <span class='ocr_line' id='line_1_3' title="bbox 69 662 1079 749; baseline 0.004 -25"><span class='ocrx_word' id='word_1_13' title='bbox 69 662 245 728; x_wconf 84' lang='lat' dir='ltr'>volumus.&#39;&#39;</span> <span class='ocrx_word' id='word_1_14' title='bbox 290 663 323 727; x_wconf 86' lang='lat' dir='ltr'>Si</span> <span class='ocrx_word' id='word_1_15' title='bbox 345 664 428 727; x_wconf 91' lang='lat' dir='ltr'>hunc</span> <span class='ocrx_word' id='word_1_16' title='bbox 451 663 551 726; x_wconf 88' lang='lat' dir='ltr'>locum</span> <span class='ocrx_word' id='word_1_17' title='bbox 575 685 644 726; x_wconf 88' lang='lat' dir='ltr'>cum</span> <span class='ocrx_word' id='word_1_18' title='bbox 668 664 705 726; x_wconf 91' lang='lat' dir='ltr'>iis</span> <span class='ocrx_word' id='word_1_19' title='bbox 730 685 807 746; x_wconf 87' lang='lat' dir='ltr'>quae</span> <span class='ocrx_word' id='word_1_20' title='bbox 831 687 923 749; x_wconf 89' lang='lat' dir='ltr'>supra</span> <span class='ocrx_word' id='word_1_21' title='bbox 947 688 984 743; x_wconf 85' lang='lat' dir='ltr'>ex</span> <span class='ocrx_word' id='word_1_22' title='bbox 1007 664 1079 749; x_wconf 76' lang='lat' dir='ltr'>Epi-</span> 
     </span>
    </p>

    <p class='ocr_par' dir='ltr' id='par_1_4' title="bbox 24 781 1077 984">
     <span class='ocr_line' id='line_1_4' title="bbox 24 781 1077 866; baseline 0 -21"><span class='ocrx_word' id='word_1_23' title='bbox 24 782 27 794; x_wconf 90' lang='lat'>&#39;</span> <span class='ocrx_word' id='word_1_24' title='bbox 72 783 152 846; x_wconf 88' lang='lat' dir='ltr'>stola</span> <span class='ocrx_word' id='word_1_25' title='bbox 174 781 238 846; x_wconf 85' lang='lat' dir='ltr'>VII</span> <span class='ocrx_word' id='word_1_26' title='bbox 261 781 408 865; x_wconf 85' lang='lat' dir='ltr'>descripsi</span> <span class='ocrx_word' id='word_1_27' title='bbox 431 782 636 860; x_wconf 85' lang='lat' dir='ltr'>conferamus,</span> <span class='ocrx_word' id='word_1_28' title='bbox 662 783 819 866; x_wconf 81' lang='lat' dir='ltr'>apparebit</span> <span class='ocrx_word' id='word_1_29' title='bbox 851 806 885 846; x_wconf 88' lang='lat' dir='ltr'>ea</span> <span class='ocrx_word' id='word_1_30' title='bbox 908 784 952 846; x_wconf 89' lang='lat' dir='ltr'>ita</span> <span class='ocrx_word' id='word_1_31' title='bbox 974 785 1077 847; x_wconf 92' lang='lat' dir='ltr'>conci-</span> 
     </span>
     <span class='ocr_line' id='line_1_5' title="bbox 75 900 715 984; baseline -0.002 -20"><span class='ocrx_word' id='word_1_32' title='bbox 75 923 146 964; x_wconf 86' lang='lat' dir='ltr'>nere</span> <span class='ocrx_word' id='word_1_33' title='bbox 170 900 330 963; x_wconf 88' lang='lat' dir='ltr'>utstatim</span> <span class='ocrx_word' id='word_1_34' title='bbox 354 900 537 963; x_wconf 80' lang='lat' dir='ltr'>imitatorem</span> <span class='ocrx_word' id='word_1_35' title='bbox 562 922 715 984; x_wconf 79' lang='lat' dir='ltr'>agnoscas</span> 
     </span>
    </p>

    <p class='ocr_par' dir='ltr' id='par_1_5' title="bbox 95 1018 1078 1104">
     <span class='ocr_line' id='line_1_6' title="bbox 95 1018 1078 1104; baseline 0.002 -22"><span class='ocrx_word' id='word_1_36' title='bbox 95 1025 97 1029; x_wconf 81' lang='grc'><strong>’</strong></span> <span class='ocrx_word' id='word_1_37' title='bbox 121 1019 154 1082; x_wconf 86' lang='lat' dir='ltr'>Si</span> <span class='ocrx_word' id='word_1_38' title='bbox 170 1019 259 1083; x_wconf 89' lang='lat' dir='ltr'>verba</span> <span class='ocrx_word' id='word_1_39' title='bbox 276 1018 428 1097; x_wconf 83' lang='lat' dir='ltr'>attendas,</span> <span class='ocrx_word' id='word_1_40' title='bbox 448 1019 531 1102; x_wconf 91' lang='lat' dir='ltr'>qnod</span> <span class='ocrx_word' id='word_1_41' title='bbox 548 1026 649 1083; x_wconf 84' lang='lat' dir='ltr'>noster</span> <span class='ocrx_word' id='word_1_42' title='bbox 664 1019 706 1082; x_wconf 89' lang='lat' dir='ltr'>ibi</span> <span class='ocrx_word' id='word_1_43' title='bbox 723 1021 762 1103; x_wconf 87' lang='lat' dir='ltr'>(p.</span> <span class='ocrx_word' id='word_1_44' title='bbox 777 1022 839 1083; x_wconf 92' lang='grc'>343</span> <span class='ocrx_word' id='word_1_45' title='bbox 854 1020 892 1104; x_wconf 81' lang='lat' dir='ltr'>A)</span> <span class='ocrx_word' id='word_1_46' title='bbox 908 1020 1078 1099; x_wconf 86' lang='grc' dir='ltr'><em>γράμματα</em></span> 
     </span>
    </p>

    <p class='ocr_par' dir='ltr' id='par_1_6' title="bbox 76 1137 1078 1222">
     <span class='ocr_line' id='line_1_7' title="bbox 76 1137 1078 1222; baseline 0 -21"><span class='ocrx_word' id='word_1_47' title='bbox 76 1146 165 1203; x_wconf 86' lang='lat' dir='ltr'>vocat</span> <span class='ocrx_word' id='word_1_48' title='bbox 184 1139 411 1216; x_wconf 69' lang='grc' dir='ltr'><em>ἀμετακίνητον,</em></span> <span class='ocrx_word' id='word_1_49' title='bbox 432 1138 463 1201; x_wconf 92' lang='lat' dir='ltr'>id</span> <span class='ocrx_word' id='word_1_50' title='bbox 480 1137 607 1202; x_wconf 83' lang='lat' dir='ltr'>obscure</span> <span class='ocrx_word' id='word_1_51' title='bbox 627 1137 743 1201; x_wconf 89' lang='lat' dir='ltr'>dictum</span> <span class='ocrx_word' id='word_1_52' title='bbox 760 1137 928 1221; x_wconf 77' lang='lat' dir='ltr'>explicatur</span> <span class='ocrx_word' id='word_1_53' title='bbox 944 1161 978 1201; x_wconf 90' lang='lat' dir='ltr'>eo</span> <span class='ocrx_word' id='word_1_54' title='bbox 996 1139 1078 1222; x_wconf 89' lang='lat' dir='ltr'>quod</span> 
     </span>
    </p>
   </div>
   <div class='ocr_carea' id='block_1_3' title="bbox 11 1256 1077 1346">
    <p class='ocr_par' dir='ltr' id='par_1_7' title="bbox 11 1256 1077 1346">
     <span class='ocr_line' id='line_1_8' title="bbox 11 1256 1077 1346; baseline -0.001 -26"><span class='ocrx_word' id='word_1_55' title='bbox 11 1268 17 1275; x_wconf 89' lang='lat'>&#39;</span> <span class='ocrx_word' id='word_1_56' title='bbox 76 1257 272 1346; x_wconf 52' lang='lat' dir='ltr'>Platopdieit</span> <span class='ocrx_word' id='word_1_57' title='bbox 288 1257 392 1334; x_wconf 80' lang='grc' dir='ltr'><em>λόγους</em></span> <span class='ocrx_word' id='word_1_58' title='bbox 409 1258 535 1340; x_wconf 88' lang='lat' dir='ltr'>scriptos</span> <span class='ocrx_word' id='word_1_59' title='bbox 560 1256 673 1320; x_wconf 86' lang='lat' dir='ltr'>similes</span> <span class='ocrx_word' id='word_1_60' title='bbox 689 1278 752 1319; x_wconf 84' lang='lat' dir='ltr'>esse</span> <span class='ocrx_word' id='word_1_61' title='bbox 769 1257 951 1340; x_wconf 85' lang='lat' dir='ltr'>imaginibus</span> <span class='ocrx_word' id='word_1_62' title='bbox 972 1258 1077 1341; x_wconf 89' lang='lat' dir='ltr'>pictis,</span> 
     </span>
    </p>
   </div>
   <div class='ocr_carea' id='block_1_4' title="bbox 34 1374 1169 4195">
    <p class='ocr_par' dir='ltr' id='par_1_8' title="bbox 34 1374 1169 4195">
     <span class='ocr_line' id='line_1_9' title="bbox 74 1374 1079 1460; baseline 0.002 -21"><span class='ocrx_word' id='word_1_63' title='bbox 74 1398 152 1460; x_wconf 85' lang='lat' dir='ltr'>quae</span> <span class='ocrx_word' id='word_1_64' title='bbox 169 1383 251 1439; x_wconf 85' lang='lat' dir='ltr'>stant</span> <span class='ocrx_word' id='word_1_65' title='bbox 266 1375 408 1439; x_wconf 84' lang='lat' dir='ltr'>immotae</span> <span class='ocrx_word' id='word_1_66' title='bbox 427 1383 456 1438; x_wconf 87' lang='lat' dir='ltr'>et</span> <span class='ocrx_word' id='word_1_67' title='bbox 473 1376 631 1458; x_wconf 84' lang='lat' dir='ltr'>quaerenti</span> <span class='ocrx_word' id='word_1_68' title='bbox 646 1374 826 1460; x_wconf 83' lang='lat' dir='ltr'>respondere</span> <span class='ocrx_word' id='word_1_69' title='bbox 842 1385 1008 1459; x_wconf 87' lang='lat' dir='ltr'>nequeunt,</span> <span class='ocrx_word' id='word_1_70' title='bbox 1026 1377 1079 1441; x_wconf 91' lang='lat' dir='ltr'>sed</span> 
     </span>
     <span class='ocr_line' id='line_1_10' title="bbox 74 1490 1078 1579; baseline 0.003 -22"><span class='ocrx_word' id='word_1_71' title='bbox 74 1517 192 1579; x_wconf 91' lang='lat' dir='ltr'>semper</span> <span class='ocrx_word' id='word_1_72' title='bbox 214 1517 312 1560; x_wconf 91' lang='lat' dir='ltr'>unum</span> <span class='ocrx_word' id='word_1_73' title='bbox 335 1493 474 1577; x_wconf 89' lang='lat' dir='ltr'>idemque</span> <span class='ocrx_word' id='word_1_74' title='bbox 499 1493 688 1577; x_wconf 83' lang='lat' dir='ltr'>significant:</span> <span class='ocrx_word' id='word_1_75' title='bbox 716 1490 745 1557; x_wconf 81' lang='grc' dir='ltr'>έν</span> <span class='ocrx_word' id='word_1_76' title='bbox 765 1519 792 1557; x_wconf 91' lang='grc' dir='ltr'>τι</span> <span class='ocrx_word' id='word_1_77' title='bbox 816 1495 948 1571; x_wconf 72' lang='grc' dir='ltr'>σημαίνει</span> <span class='ocrx_word' id='word_1_78' title='bbox 972 1495 1078 1560; x_wconf 77' lang='grc' dir='ltr'><em>ταύτὸν</em></span> 
     </span>
     <span class='ocr_line' id='line_1_11' title="bbox 73 1610 1078 1699; baseline -0.002 -21"><span class='ocrx_word' id='word_1_79' title='bbox 73 1615 135 1679; x_wconf 85' lang='grc' dir='ltr'><em>άεί.</em></span> <span class='ocrx_word' id='word_1_80' title='bbox 150 1613 290 1697; x_wconf 85' lang='lat' dir='ltr'>(Phaedr.</span> <span class='ocrx_word' id='word_1_81' title='bbox 304 1637 334 1699; x_wconf 90' lang='lat' dir='ltr'>p.</span> <span class='ocrx_word' id='word_1_82' title='bbox 349 1615 411 1678; x_wconf 73' lang='grc'>375</span> <span class='ocrx_word' id='word_1_83' title='bbox 430 1612 545 1676; x_wconf 79' lang='lat' dir='ltr'>D-at</span> <span class='ocrx_word' id='word_1_84' title='bbox 551 1615 569 1673; x_wconf 82' lang='grc'><strong>6</strong></span> <span class='ocrx_word' id='word_1_85' title='bbox 586 1611 634 1696; x_wconf 91' lang='lat' dir='ltr'>B).</span> <span class='ocrx_word' id='word_1_86' title='bbox 660 1610 777 1675; x_wconf 80' lang='lat' dir='ltr'>Coloris</span> <span class='ocrx_word' id='word_1_87' title='bbox 791 1621 892 1677; x_wconf 89' lang='lat' dir='ltr'>autem</span> <span class='ocrx_word' id='word_1_88' title='bbox 909 1614 1078 1678; x_wconf 84' lang='lat' dir='ltr'>similitudo</span> 
     </span>
     <span class='ocr_line' id='line_1_12' title="bbox 73 1730 1076 1816; baseline 0.001 -21"><span class='ocrx_word' id='word_1_89' title='bbox 73 1732 177 1796; x_wconf 85' lang='lat' dir='ltr'>statim</span> <span class='ocrx_word' id='word_1_90' title='bbox 210 1731 400 1816; x_wconf 86' lang='lat' dir='ltr'>agnoscitur,</span> <span class='ocrx_word' id='word_1_91' title='bbox 425 1732 543 1794; x_wconf 91' lang='lat' dir='ltr'>sicum</span> <span class='ocrx_word' id='word_1_92' title='bbox 568 1730 723 1814; x_wconf 82' lang='lat' dir='ltr'>Epistolac</span> <span class='ocrx_word' id='word_1_93' title='bbox 746 1731 861 1810; x_wconf 81' lang='lat' dir='ltr'>verbis,</span> <span class='ocrx_word' id='word_1_94' title='bbox 891 1755 920 1816; x_wconf 91' lang='lat' dir='ltr'>p.</span> <span class='ocrx_word' id='word_1_95' title='bbox 946 1736 1010 1797; x_wconf 88' lang='grc'>344</span> <span class='ocrx_word' id='word_1_96' title='bbox 1035 1732 1076 1811; x_wconf 83' lang='lat' dir='ltr'>G,</span> 
     </span>
     <span class='ocr_line' id='line_1_13' title="bbox 34 1850 1078 1936; baseline 0.001 -21"><span class='ocrx_word' id='word_1_97' title='bbox 34 1882 38 1887; x_wconf 53' lang='lat'>²</span> <span class='ocrx_word' id='word_1_98' title='bbox 74 1856 228 1936; x_wconf 71' lang='lat' dir='ltr'>compedes</span> <span class='ocrx_word' id='word_1_99' title='bbox 252 1851 326 1914; x_wconf 89' lang='lat' dir='ltr'>haec</span> <span class='ocrx_word' id='word_1_100' title='bbox 349 1850 497 1926; x_wconf 87' lang='lat' dir='ltr'>Phaedri,</span> <span class='ocrx_word' id='word_1_101' title='bbox 523 1874 552 1935; x_wconf 88' lang='lat' dir='ltr'>p.</span> <span class='ocrx_word' id='word_1_102' title='bbox 578 1852 639 1915; x_wconf 76' lang='lat'>277</span> <span class='ocrx_word' id='word_1_103' title='bbox 665 1850 708 1913; x_wconf 92' lang='lat' dir='ltr'>D:</span> <span class='ocrx_word' id='word_1_104' title='bbox 731 1853 779 1922; x_wconf 53' lang='grc' dir='ltr'>,ὡς</span> <span class='ocrx_word' id='word_1_105' title='bbox 802 1851 861 1915; x_wconf 76' lang='grc' dir='ltr'><em>εἴτε</em></span> <span class='ocrx_word' id='word_1_106' title='bbox 884 1853 997 1923; x_wconf 83' lang='grc' dir='ltr'><em>Λυσίας</em></span> <span class='ocrx_word' id='word_1_107' title='bbox 1021 1853 1078 1916; x_wconf 79' lang='grc' dir='ltr'><em>εἴτε</em></span> 
     </span>
     <span class='ocr_line' id='line_1_14' title="bbox 73 1969 1075 2052; baseline -0.001 -17"><span class='ocrx_word' id='word_1_108' title='bbox 73 1995 118 2042; x_wconf 82' lang='grc' dir='ltr'>τις</span> <span class='ocrx_word' id='word_1_109' title='bbox 149 1969 239 2042; x_wconf 88' lang='grc' dir='ltr'><em>άλλος</em></span> <span class='ocrx_word' id='word_1_110' title='bbox 270 1969 380 2033; x_wconf 80' lang='grc' dir='ltr'><em>τάττετ’</em></span> <span class='ocrx_word' id='word_1_111' title='bbox 403 1971 542 2047; x_wconf 75' lang='grc' dir='ltr'><em>ἔγραφε</em></span> <span class='ocrx_word' id='word_1_112' title='bbox 566 1970 581 2044; x_wconf 72' lang='grc' dir='ltr'>ἢ</span> <span class='ocrx_word' id='word_1_113' title='bbox 605 1970 753 2052; x_wconf 78' lang='grc' dir='ltr'><em>γράφει,</em></span> <span class='ocrx_word' id='word_1_114' title='bbox 778 1970 847 2051; x_wconf 78' lang='grc' dir='ltr'><em>ἰδέα</em></span> <span class='ocrx_word' id='word_1_115' title='bbox 870 1969 887 2045; x_wconf 72' lang='grc' dir='ltr'><em>ά</em></span> <span class='ocrx_word' id='word_1_116' title='bbox 911 1970 1075 2052; x_wconf 74' lang='grc' dir='ltr'><em>δαμοσίᾳ,</em></span> 
     </span>
     <span class='ocr_line' id='line_1_15' title="bbox 74 2088 1077 2172; baseline 0.001 -19"><span class='ocrx_word' id='word_1_117' title='bbox 74 2091 175 2167; x_wconf 82' lang='grc' dir='ltr'><em>νόμους</em></span> <span class='ocrx_word' id='word_1_118' title='bbox 201 2090 303 2172; x_wconf 74' lang='grc' dir='ltr'><em>τιθεὶς,</em></span> <span class='ocrx_word' id='word_1_119' title='bbox 327 2088 518 2165; x_wconf 77' lang='grc' dir='ltr'><em>ξύγγοαμμα</em></span> <span class='ocrx_word' id='word_1_120' title='bbox 541 2089 683 2152; x_wconf 77' lang='grc' dir='ltr'><em>πολιτικὸν</em></span> <span class='ocrx_word' id='word_1_121' title='bbox 707 2089 845 2169; x_wconf 79' lang='grc' dir='ltr'><em>γράφων,</em></span> <span class='ocrx_word' id='word_1_122' title='bbox 869 2089 919 2154; x_wconf 74' lang='grc' dir='ltr'>καὶ</span> <span class='ocrx_word' id='word_1_123' title='bbox 941 2091 1077 2166; x_wconf 78' lang='grc' dir='ltr'><em>μεγάλην</em></span> 
     </span>
     <span class='ocr_line' id='line_1_16' title="bbox 50 2207 1169 2291; baseline 0.001 -18"><span class='ocrx_word' id='word_1_124' title='bbox 50 2208 126 2274; x_wconf 76' lang='grc' dir='ltr'><em>’τιν’</em></span> <span class='ocrx_word' id='word_1_125' title='bbox 145 2210 173 2272; x_wconf 84' lang='grc' dir='ltr'>έν</span> <span class='ocrx_word' id='word_1_126' title='bbox 204 2210 283 2287; x_wconf 78' lang='grc' dir='ltr'><em>αὐτῷ</em></span> <span class='ocrx_word' id='word_1_127' title='bbox 313 2208 498 2285; x_wconf 76' lang='grc' dir='ltr'><em>βεβαιότατα</em></span> <span class='ocrx_word' id='word_1_128' title='bbox 525 2209 573 2271; x_wconf 80' lang='grc' dir='ltr'>καὶ</span> <span class='ocrx_word' id='word_1_129' title='bbox 604 2209 765 2288; x_wconf 80' lang='grc' dir='ltr'><em>οαφκνείαν</em></span> <span class='ocrx_word' id='word_1_130' title='bbox 797 2208 969 2291; x_wconf 75' lang='grc' dir='ltr'><em>ἡγούμενος,</em></span> <span class='ocrx_word' id='word_1_131' title='bbox 1005 2207 1075 2274; x_wconf 77' lang='grc' dir='ltr'><em>οὕτω</em></span> <span class='ocrx_word' id='word_1_132' title='bbox 1166 2241 1169 2247; x_wconf 90' lang='grc'>·</span> 
     </span>
     <span class='ocr_line' id='line_1_17' title="bbox 73 2325 1079 2409; baseline 0.001 -19"><span class='ocrx_word' id='word_1_133' title='bbox 73 2328 127 2406; x_wconf 88' lang='grc' dir='ltr'>μὲν</span> <span class='ocrx_word' id='word_1_134' title='bbox 153 2327 252 2398; x_wconf 73' lang='grc' dir='ltr'><em>ὄνειδος</em></span> <span class='ocrx_word' id='word_1_135' title='bbox 274 2329 314 2408; x_wconf 77' lang='grc' dir='ltr'>τῷ</span> <span class='ocrx_word' id='word_1_136' title='bbox 336 2325 496 2409; x_wconf 74' lang='grc' dir='ltr'><em>γράφοντι,</em></span> <span class='ocrx_word' id='word_1_137' title='bbox 522 2325 579 2390; x_wconf 79' lang='grc' dir='ltr'><em>εἴτε</em></span> <span class='ocrx_word' id='word_1_138' title='bbox 602 2326 646 2397; x_wconf 78' lang='grc' dir='ltr'>τίς</span> <span class='ocrx_word' id='word_1_139' title='bbox 669 2336 758 2407; x_wconf 77' lang='grc' dir='ltr'><em>φησιν</em></span> <span class='ocrx_word' id='word_1_140' title='bbox 782 2328 840 2391; x_wconf 78' lang='grc' dir='ltr'><em>εἴτε</em></span> <span class='ocrx_word' id='word_1_141' title='bbox 863 2330 915 2405; x_wconf 77' lang='grc' dir='ltr'>μα’.</span> <span class='ocrx_word' id='word_1_142' title='bbox 960 2327 1001 2391; x_wconf 74' lang='lat' dir='ltr'>Et</span> <span class='ocrx_word' id='word_1_143' title='bbox 1023 2329 1079 2392; x_wconf 93' lang='lat' dir='ltr'>ibi·</span> 
     </span>
     <span class='ocr_line' id='line_1_18' title="bbox 73 2445 1076 2525; baseline 0.004 -16"><span class='ocrx_word' id='word_1_144' title='bbox 73 2446 144 2510; x_wconf 89' lang='lat' dir='ltr'>dem</span> <span class='ocrx_word' id='word_1_145' title='bbox 163 2445 205 2508; x_wconf 76' lang='lat' dir='ltr'>ll:</span> <span class='ocrx_word' id='word_1_146' title='bbox 226 2447 239 2510; x_wconf 77' lang='grc' dir='ltr'><em>ὃ</em></span> <span class='ocrx_word' id='word_1_147' title='bbox 259 2445 288 2510; x_wconf 90' lang='grc' dir='ltr'>δέ</span> <span class='ocrx_word' id='word_1_148' title='bbox 305 2449 337 2523; x_wconf 91' lang='grc' dir='ltr'>γ’</span> <span class='ocrx_word' id='word_1_149' title='bbox 357 2446 513 2524; x_wconf 75' lang='grc' dir='ltr'><em>ἡγούμενος</em></span> <span class='ocrx_word' id='word_1_150' title='bbox 528 2495 534 2509; x_wconf 93' lang='grc'>.</span> <span class='ocrx_word' id='word_1_151' title='bbox 550 2495 579 2510; x_wconf 92' lang='grc'>..</span> <span class='ocrx_word' id='word_1_152' title='bbox 607 2445 705 2509; x_wconf 83' lang='grc' dir='ltr'><em>οὐδένα</em></span> <span class='ocrx_word' id='word_1_153' title='bbox 728 2447 845 2510; x_wconf 79' lang='grc' dir='ltr'><em>πάντοτε</em></span> <span class='ocrx_word' id='word_1_154' title='bbox 867 2448 953 2524; x_wconf 78' lang='grc' dir='ltr'><em>λόγον</em></span> <span class='ocrx_word' id='word_1_155' title='bbox 973 2450 1001 2511; x_wconf 84' lang='grc' dir='ltr'>ἐν</span> <span class='ocrx_word' id='word_1_156' title='bbox 1025 2449 1076 2525; x_wconf 83' lang='grc' dir='ltr'><em>με’-</em></span> 
     </span>
     <span class='ocr_line' id='line_1_19' title="bbox 73 2561 1078 2646; baseline -0.002 -16"><span class='ocrx_word' id='word_1_157' title='bbox 73 2589 130 2644; x_wconf 78' lang='grc' dir='ltr'><em>τριρ</em></span> <span class='ocrx_word' id='word_1_158' title='bbox 156 2564 212 2628; x_wconf 83' lang='grc' dir='ltr'><em>οὐδ’</em></span> <span class='ocrx_word' id='word_1_159' title='bbox 241 2562 309 2628; x_wconf 85' lang='grc' dir='ltr'><em>άνευ</em></span> <span class='ocrx_word' id='word_1_160' title='bbox 340 2564 443 2640; x_wconf 80' lang='grc' dir='ltr'><em>μέτρου</em></span> <span class='ocrx_word' id='word_1_161' title='bbox 474 2562 639 2639; x_wconf 74' lang='grc' dir='ltr'><em>μεγάλης</em></span> <span class='ocrx_word' id='word_1_162' title='bbox 663 2561 760 2638; x_wconf 79' lang='grc' dir='ltr'><em>άξιον</em></span> <span class='ocrx_word' id='word_1_163' title='bbox 787 2565 938 2639; x_wconf 78' lang='grc' dir='ltr'><em>σπουδῆς</em></span> <span class='ocrx_word' id='word_1_164' title='bbox 961 2573 1078 2646; x_wconf 74' lang='grc' dir='ltr'><em>γραφῆ-</em></span> 
     </span>
     <span class='ocr_line' id='line_1_20' title="bbox 74 2681 1076 2764; baseline 0.001 -16"><span class='ocrx_word' id='word_1_165' title='bbox 74 2708 121 2748; x_wconf 92' lang='grc' dir='ltr'>ναι</span> <span class='ocrx_word' id='word_1_166' title='bbox 149 2684 210 2748; x_wconf 80' lang='grc' dir='ltr'><em>οὐδὲ</em></span> <span class='ocrx_word' id='word_1_167' title='bbox 235 2684 413 2763; x_wconf 53' lang='lat' dir='ltr'>reptata„</span> <span class='ocrx_word' id='word_1_168' title='bbox 430 2731 458 2749; x_wconf 90' lang='lat'>..</span> <span class='ocrx_word' id='word_1_169' title='bbox 486 2682 569 2747; x_wconf 82' lang='grc' dir='ltr'><em>άλλά</em></span> <span class='ocrx_word' id='word_1_170' title='bbox 591 2687 631 2764; x_wconf 77' lang='grc' dir='ltr'>τῷ</span> <span class='ocrx_word' id='word_1_171' title='bbox 651 2681 706 2748; x_wconf 76' lang='lat' dir='ltr'>dart</span> <span class='ocrx_word' id='word_1_172' title='bbox 723 2686 817 2748; x_wconf 77' lang='grc' dir='ltr'><em>αὐτῶν</em></span> <span class='ocrx_word' id='word_1_173' title='bbox 827 2684 894 2755; x_wconf 82' lang='grc' dir='ltr'><em>τοὺς</em></span> <span class='ocrx_word' id='word_1_174' title='bbox 905 2685 1076 2761; x_wconf 79' lang='grc' dir='ltr'><em>βελτίστους</em></span> 
     </span>
     <span class='ocr_line' id='line_1_21' title="bbox 72 2801 1075 2884; baseline 0.002 -19"><span class='ocrx_word' id='word_1_175' title='bbox 72 2801 184 2868; x_wconf 75' lang='grc' dir='ltr'><em>εἰδότων</em></span> <span class='ocrx_word' id='word_1_176' title='bbox 208 2801 403 2878; x_wconf 73' lang='grc' dir='ltr'><em>ὑπόμνησιν</em></span> <span class='ocrx_word' id='word_1_177' title='bbox 422 2801 573 2878; x_wconf 82' lang='grc' dir='ltr'><em>γεγονέναι</em></span> <span class='ocrx_word' id='word_1_178' title='bbox 582 2839 597 2884; x_wconf 58' lang='lat'>‚1</span> <span class='ocrx_word' id='word_1_179' title='bbox 615 2804 643 2864; x_wconf 81' lang='grc' dir='ltr'>ἐν</span> <span class='ocrx_word' id='word_1_180' title='bbox 667 2801 696 2864; x_wconf 83' lang='grc' dir='ltr'>δὲ</span> <span class='ocrx_word' id='word_1_181' title='bbox 718 2809 776 2873; x_wconf 81' lang='grc' dir='ltr'><em>τοῖς</em></span> <span class='ocrx_word' id='word_1_182' title='bbox 799 2801 1004 2879; x_wconf 66' lang='grc' dir='ltr'><em>διδασκομένοις</em></span> <span class='ocrx_word' id='word_1_183' title='bbox 1027 2803 1075 2867; x_wconf 75' lang='grc' dir='ltr'>καὶ</span> 
     </span>
     <span class='ocr_line' id='line_1_22' title="bbox 71 2920 1076 3005; baseline 0 -20"><span class='ocrx_word' id='word_1_184' title='bbox 71 2922 224 3000; x_wconf 71' lang='grc' dir='ltr'><em>μαθήσεως</em></span> <span class='ocrx_word' id='word_1_185' title='bbox 260 2921 347 3001; x_wconf 82' lang='grc' dir='ltr'><em>χάριν</em></span> <span class='ocrx_word' id='word_1_186' title='bbox 381 2921 545 3000; x_wconf 72' lang='grc' dir='ltr'><em>λεγομένοις</em></span> <span class='ocrx_word' id='word_1_187' title='bbox 583 2921 632 2984; x_wconf 77' lang='grc' dir='ltr'>καὶ</span> <span class='ocrx_word' id='word_1_188' title='bbox 663 2923 703 3002; x_wconf 79' lang='grc' dir='ltr'>τῷ</span> <span class='ocrx_word' id='word_1_189' title='bbox 741 2921 797 2985; x_wconf 73' lang='grc' dir='ltr'><em>ἕντι</em></span> <span class='ocrx_word' id='word_1_190' title='bbox 829 2920 1021 3005; x_wconf 77' lang='grc' dir='ltr'><em>γραφομένοις</em></span> <span class='ocrx_word' id='word_1_191' title='bbox 1048 2926 1076 2987; x_wconf 86' lang='grc' dir='ltr'>ἑν</span> 
     </span>
     <span class='ocr_line' id='line_1_23' title="bbox 71 3040 1074 3122; baseline 0.001 -18"><span class='ocrx_word' id='word_1_192' title='bbox 71 3047 160 3122; x_wconf 69' lang='grc' dir='ltr'>ψυχῇ</span> <span class='ocrx_word' id='word_1_193' title='bbox 195 3041 256 3121; x_wconf 74' lang='grc' dir='ltr'><em>περὶ</em></span> <span class='ocrx_word' id='word_1_194' title='bbox 292 3040 404 3104; x_wconf 82' lang='grc' dir='ltr'><em>δικαίαν</em></span> <span class='ocrx_word' id='word_1_195' title='bbox 434 3066 467 3103; x_wconf 88' lang='grc' dir='ltr'><em>τε</em></span> <span class='ocrx_word' id='word_1_196' title='bbox 497 3040 546 3104; x_wconf 75' lang='grc' dir='ltr'>καὶ</span> <span class='ocrx_word' id='word_1_197' title='bbox 577 3047 672 3104; x_wconf 82' lang='grc' dir='ltr'><em>καλῶν</em></span> <span class='ocrx_word' id='word_1_198' title='bbox 702 3042 838 3116; x_wconf 72' lang='grc' dir='ltr'><em>κάγαθῶν</em></span> <span class='ocrx_word' id='word_1_199' title='bbox 869 3041 961 3114; x_wconf 79' lang='grc' dir='ltr'><em>μένοις</em></span> <span class='ocrx_word' id='word_1_200' title='bbox 991 3041 1074 3105; x_wconf 80' lang='grc' dir='ltr'><em>τὸτ’</em></span> 
     </span>
     <span class='ocr_line' id='line_1_24' title="bbox 71 3154 1075 3237; baseline 0 -13"><span class='ocrx_word' id='word_1_201' title='bbox 71 3158 191 3237; x_wconf 81' lang='grc' dir='ltr'><em>ἐναργὲς</em></span> <span class='ocrx_word' id='word_1_202' title='bbox 214 3154 285 3223; x_wconf 80' lang='grc' dir='ltr'><em>εἶναι</em></span> <span class='ocrx_word' id='word_1_203' title='bbox 319 3162 367 3225; x_wconf 75' lang='grc' dir='ltr'>καὶ</span> <span class='ocrx_word' id='word_1_204' title='bbox 400 3159 496 3223; x_wconf 79' lang='grc' dir='ltr'><em>τέλεον</em></span> <span class='ocrx_word' id='word_1_205' title='bbox 525 3159 576 3224; x_wconf 82' lang='grc' dir='ltr'>καὶ</span> <span class='ocrx_word' id='word_1_206' title='bbox 606 3158 703 3235; x_wconf 83' lang='grc' dir='ltr'><em>άξιον</em></span> <span class='ocrx_word' id='word_1_207' title='bbox 734 3159 966 3236; x_wconf 48' lang='lat' dir='ltr'>croadam...</span> <span class='ocrx_word' id='word_1_208' title='bbox 995 3156 1075 3232; x_wconf 79' lang='grc' dir='ltr'><em>οὗτος</em></span> 
     </span>
     <span class='ocr_line' id='line_1_25' title="bbox 70 3276 1074 3363; baseline -0.003 -18"><span class='ocrx_word' id='word_1_209' title='bbox 70 3281 86 3345; x_wconf 81' lang='grc' dir='ltr'><em>ὂ</em></span> <span class='ocrx_word' id='word_1_210' title='bbox 121 3286 243 3351; x_wconf 80' lang='grc' dir='ltr'><em>τοιοῦτος</em></span> <span class='ocrx_word' id='word_1_211' title='bbox 285 3280 352 3359; x_wconf 71' lang='grc' dir='ltr'><em>άνὴρ</em></span> <span class='ocrx_word' id='word_1_212' title='bbox 394 3280 558 3363; x_wconf 80' lang='grc' dir='ltr'><em>κινδυνεύει,</em></span> <span class='ocrx_word' id='word_1_213' title='bbox 594 3276 614 3343; x_wconf 80' lang='grc' dir='ltr'><strong><em>ὦ</em></strong></span> <span class='ocrx_word' id='word_1_214' title='bbox 649 3281 773 3358; x_wconf 77' lang='grc' dir='ltr'><em>Φαῖδρε,</em></span> <span class='ocrx_word' id='word_1_215' title='bbox 816 3277 886 3344; x_wconf 81' lang='grc' dir='ltr'><em>εἶναι</em></span> <span class='ocrx_word' id='word_1_216' title='bbox 927 3277 978 3344; x_wconf 80' lang='grc' dir='ltr'><em>οἷον</em></span> <span class='ocrx_word' id='word_1_217' title='bbox 1018 3282 1074 3356; x_wconf 76' lang='grc' dir='ltr'><em>ε’γέν</em></span> 
     </span>
     <span class='ocr_line' id='line_1_26' title="bbox 71 3397 1075 3477; baseline -0.002 -13"><span class='ocrx_word' id='word_1_218' title='bbox 71 3400 186 3474; x_wconf 78' lang='grc' dir='ltr'><em>τεκαὶ</em></span> <span class='ocrx_word' id='word_1_219' title='bbox 217 3399 254 3463; x_wconf 82' lang='grc' dir='ltr'>σὺ</span> <span class='ocrx_word' id='word_1_220' title='bbox 284 3397 429 3476; x_wconf 74' lang='grc' dir='ltr'><em>εὐξαέμεά</em></span> <span class='ocrx_word' id='word_1_221' title='bbox 458 3399 495 3464; x_wconf 83' lang='grc' dir='ltr'>άν</span> <span class='ocrx_word' id='word_1_222' title='bbox 525 3402 558 3464; x_wconf 78' lang='grc' dir='ltr'>σε’</span> <span class='ocrx_word' id='word_1_223' title='bbox 585 3424 617 3463; x_wconf 90' lang='grc' dir='ltr'><em>τε</em></span> <span class='ocrx_word' id='word_1_224' title='bbox 641 3401 718 3476; x_wconf 83' lang='grc' dir='ltr'><em>κάμὲ</em></span> <span class='ocrx_word' id='word_1_225' title='bbox 742 3401 884 3477; x_wconf 75' lang='grc' dir='ltr'><em>γενέσθαι.</em></span> <span class='ocrx_word' id='word_1_226' title='bbox 931 3399 1075 3463; x_wconf 85' lang='lat' dir='ltr'>Animad-</span> 
     </span>
     <span class='ocr_line' id='line_1_27' title="bbox 70 3517 1074 3601; baseline 0.001 -21"><span class='ocrx_word' id='word_1_227' title='bbox 70 3525 208 3581; x_wconf 86' lang='lat' dir='ltr'>vertatur</span> <span class='ocrx_word' id='word_1_228' title='bbox 231 3518 295 3601; x_wconf 87' lang='lat' dir='ltr'>ipsa</span> <span class='ocrx_word' id='word_1_229' title='bbox 318 3517 478 3581; x_wconf 88' lang='lat' dir='ltr'>verborum</span> <span class='ocrx_word' id='word_1_230' title='bbox 498 3518 675 3581; x_wconf 88' lang='lat' dir='ltr'>similitudo.</span> <span class='ocrx_word' id='word_1_231' title='bbox 697 3518 802 3581; x_wconf 89' lang='lat' dir='ltr'>Plato:</span> <span class='ocrx_word' id='word_1_232' title='bbox 823 3519 881 3582; x_wconf 76' lang='grc' dir='ltr'><em>εἴτε</em></span> <span class='ocrx_word' id='word_1_233' title='bbox 895 3569 922 3582; x_wconf 94' lang='grc'>..</span> <span class='ocrx_word' id='word_1_234' title='bbox 946 3519 1074 3598; x_wconf 79' lang='grc' dir='ltr'><em>ἔγραφεν</em></span> 
     </span>
     <span class='ocr_line' id='line_1_28' title="bbox 71 3635 1074 3721; baseline 0 -21"><span class='ocrx_word' id='word_1_235' title='bbox 71 3638 89 3711; x_wconf 78' lang='grc' dir='ltr'>ἢ</span> <span class='ocrx_word' id='word_1_236' title='bbox 111 3637 221 3716; x_wconf 81' lang='grc' dir='ltr'><em>γράφει</em></span> <span class='ocrx_word' id='word_1_237' title='bbox 227 3662 236 3714; x_wconf 83' lang='lat'>3</span> <span class='ocrx_word' id='word_1_238' title='bbox 260 3635 398 3720; x_wconf 81' lang='lat' dir='ltr'>Epistola</span> <span class='ocrx_word' id='word_1_239' title='bbox 413 3638 454 3721; x_wconf 89' lang='lat' dir='ltr'>(p.</span> <span class='ocrx_word' id='word_1_240' title='bbox 472 3639 535 3700; x_wconf 90' lang='grc'>341</span> <span class='ocrx_word' id='word_1_241' title='bbox 552 3636 603 3721; x_wconf 83' lang='grc' dir='ltr'>Β);</span> <span class='ocrx_word' id='word_1_242' title='bbox 628 3637 739 3702; x_wconf 82' lang='grc' dir='ltr'><em>τοσόνδε</em></span> <span class='ocrx_word' id='word_1_243' title='bbox 755 3661 792 3714; x_wconf 90' lang='grc' dir='ltr'><em>γε</em></span> <span class='ocrx_word' id='word_1_244' title='bbox 807 3638 864 3714; x_wconf 70' lang='grc' dir='ltr'>μὴν</span> <span class='ocrx_word' id='word_1_245' title='bbox 880 3637 942 3717; x_wconf 77' lang='grc' dir='ltr'><em>περὶ</em></span> <span class='ocrx_word' id='word_1_246' title='bbox 958 3637 1074 3701; x_wconf 75' lang='grc' dir='ltr'><em>πάντων</em></span> 
     </span>
     <span class='ocr_line' id='line_1_29' title="bbox 69 3753 1075 3837; baseline -0.001 -17"><span class='ocrx_word' id='word_1_247' title='bbox 69 3755 134 3834; x_wconf 83' lang='grc' dir='ltr'>ἔχω</span> <span class='ocrx_word' id='word_1_248' title='bbox 164 3753 282 3836; x_wconf 83' lang='grc' dir='ltr'><em>φράζειν</em></span> <span class='ocrx_word' id='word_1_249' title='bbox 308 3760 363 3819; x_wconf 76' lang='grc' dir='ltr'>τῶν</span> <span class='ocrx_word' id='word_1_250' title='bbox 385 3755 581 3837; x_wconf 78' lang='grc' dir='ltr'><em>γεγραφότων</em></span> <span class='ocrx_word' id='word_1_251' title='bbox 603 3756 652 3820; x_wconf 79' lang='grc' dir='ltr'>καὶ</span> <span class='ocrx_word' id='word_1_252' title='bbox 675 3754 854 3835; x_wconf 78' lang='grc' dir='ltr'><em>γραφόντων.</em></span> <span class='ocrx_word' id='word_1_253' title='bbox 889 3755 994 3819; x_wconf 87' lang='lat' dir='ltr'>Plato:</span> <span class='ocrx_word' id='word_1_254' title='bbox 1019 3757 1075 3837; x_wconf 74' lang='grc' dir='ltr'>ἰδία</span> 
     </span>
     <span class='ocr_line' id='line_1_30' title="bbox 71 3872 1074 3960; baseline 0.001 -23"><span class='ocrx_word' id='word_1_255' title='bbox 71 3875 90 3950; x_wconf 81' lang='grc' dir='ltr'>ἢ</span> <span class='ocrx_word' id='word_1_256' title='bbox 108 3874 230 3956; x_wconf 74' lang='grc' dir='ltr'><em>δημοσία</em></span> <span class='ocrx_word' id='word_1_257' title='bbox 245 3873 344 3951; x_wconf 81' lang='grc' dir='ltr'><em>νόμους</em></span> <span class='ocrx_word' id='word_1_258' title='bbox 359 3874 443 3945; x_wconf 78' lang='grc' dir='ltr'><em>τιθείς</em></span> <span class='ocrx_word' id='word_1_259' title='bbox 448 3900 457 3950; x_wconf 83' lang='grc'><strong>;</strong></span> <span class='ocrx_word' id='word_1_260' title='bbox 481 3872 618 3958; x_wconf 79' lang='lat' dir='ltr'>Epistola</span> <span class='ocrx_word' id='word_1_261' title='bbox 630 3876 670 3960; x_wconf 90' lang='lat' dir='ltr'>(p.</span> <span class='ocrx_word' id='word_1_262' title='bbox 688 3877 752 3938; x_wconf 90' lang='grc'>344</span> <span class='ocrx_word' id='word_1_263' title='bbox 769 3873 820 3959; x_wconf 83' lang='grc' dir='ltr'>Ο);</span> <span class='ocrx_word' id='word_1_264' title='bbox 845 3874 1074 3953; x_wconf 75' lang='grc' dir='ltr'><em>ξυγγράμματα</em></span> 
     </span>
     <span class='ocr_line' id='line_1_31' title="bbox 70 3991 1074 4074; baseline 0.001 -17"><span class='ocrx_word' id='word_1_265' title='bbox 70 3994 273 4074; x_wconf 76' lang='grc' dir='ltr'><em>γεγραμμένα</em></span> <span class='ocrx_word' id='word_1_266' title='bbox 301 3991 353 4057; x_wconf 84' lang='grc' dir='ltr'>ε7’</span> <span class='ocrx_word' id='word_1_267' title='bbox 383 3995 412 4057; x_wconf 84' lang='grc' dir='ltr'>έν</span> <span class='ocrx_word' id='word_1_268' title='bbox 442 3993 534 4069; x_wconf 77' lang='grc' dir='ltr'><em>νόμοις</em></span> <span class='ocrx_word' id='word_1_269' title='bbox 564 3994 708 4067; x_wconf 75' lang='grc' dir='ltr'><em>νομοθέτου</em></span> <span class='ocrx_word' id='word_1_270' title='bbox 738 3994 790 4058; x_wconf 75' lang='grc' dir='ltr'><em>εἴτ’</em></span> <span class='ocrx_word' id='word_1_271' title='bbox 820 3997 849 4058; x_wconf 83' lang='grc' dir='ltr'>ἐν</span> <span class='ocrx_word' id='word_1_272' title='bbox 879 3992 979 4065; x_wconf 88' lang='grc' dir='ltr'><em>άλλοις</em></span> <span class='ocrx_word' id='word_1_273' title='bbox 1001 3995 1074 4058; x_wconf 76' lang='grc' dir='ltr'><em>τιοὶν</em></span> 
     </span>
     <span class='ocr_line' id='line_1_32' title="bbox 70 4108 1072 4195; baseline 0.001 -18"><span class='ocrx_word' id='word_1_274' title='bbox 70 4111 142 4178; x_wconf 73' lang='grc' dir='ltr'>ἅττ’</span> <span class='ocrx_word' id='word_1_275' title='bbox 164 4108 219 4179; x_wconf 76' lang='grc' dir='ltr'><em>οὖν.</em></span> <span class='ocrx_word' id='word_1_276' title='bbox 266 4112 406 4195; x_wconf 89' lang='lat' dir='ltr'>Denique</span> <span class='ocrx_word' id='word_1_277' title='bbox 429 4112 531 4176; x_wconf 85' lang='lat' dir='ltr'>confer</span> <span class='ocrx_word' id='word_1_278' title='bbox 553 4112 689 4176; x_wconf 85' lang='lat' dir='ltr'>Platonis</span> <span class='ocrx_word' id='word_1_279' title='bbox 717 4113 809 4191; x_wconf 91' lang='lat' dir='ltr'>illud,</span> <span class='ocrx_word' id='word_1_280' title='bbox 837 4114 934 4178; x_wconf 84' lang='grc' dir='ltr'><em>οὐδένα</em></span> <span class='ocrx_word' id='word_1_281' title='bbox 956 4113 1072 4178; x_wconf 84' lang='grc' dir='ltr'><em>κάτοτε</em></span> 
     </span>
    </p>
   </div>
   <div class='ocr_carea' id='block_1_5' title="bbox 0 0 1378 4950">
    <p class='ocr_par' dir='ltr' id='par_1_9' title="bbox 0 0 1378 4950">
     <span class='ocr_line' id='line_1_33' title="bbox 0 0 1378 4950; baseline 0 1"><span class='ocrx_word' id='word_1_282' title='bbox 0 0 1378 4950; x_wconf 95' lang='lat' dir='ltr'> </span> 
     </span>
    </p>
   </div>
  </div>
 </body>
</html>
