2746 4950
506 314 664 376 .·23

185 521 324 605 Epistola
354 520 400 582 VI
431 520 468 583 ad
499 530 559 584 tres
588 522 728 604 juvenes,
754 519 927 596 Hermiam,
952 520 1093 583 Erastnm
1117 528 1148 582 ct

141 638 315 714 Ooriscnm‚
348 660 424 721 qnos
448 639 596 702 amicitiae
619 644 649 701 et
672 617 844 701 studiorum
868 637 990 701 vinculo
1013 638 1092 701 inter
1115 661 1148 700 sc

139 756 299 820 conciliare
330 755 450 833 studet,
483 763 512 819 ct
543 755 607 818 Xma
629 755 667 818 ad
693 755 904 819 Aristodorum
927 755 1035 818 missae
1059 757 1146 839 quasi

79 933 81 936 Α
140 874 278 958 exemplo
301 875 482 952 ostendunt,
507 875 589 958 quod
614 876 741 958 scriptor
764 875 918 959 Epistolae
940 873 1004 937 VII
1015 875 1146 938 Dionem

140 994 212 1056 lacit
241 992 278 1056 de
309 993 435 1056 Platone
465 992 707 1078 praedicantem,
732 993 814 1077 quod
838 995 951 1058 valeret
978 994 1068 1056 πειθοῖ
1088 994 1146 1070 μοὶ-

141 1127 231 1176 >rora
254 1113 410 1190 ἀνθρώπους
434 1109 508 1182 νέους
543 1112 579 1175 ’πὶ
603 1112 644 1176 τοὶ
666 1112 768 1188 dyada
790 1114 838 1176 nal
863 1113 961 1177 δίκαιον
984 1113 1146 1192 προτρέπων

40 1315 41 1320 ¹
142 1231 180 1301 εἰς
204 1230 307 1311 <pralon
331 1255 364 1294 πε
387 1231 436 1294 aa)
460 1232 600 1308 ἑποιορενόον
615 1232 756 1305 ἀλλήλους
771 1231 941 1295 κοοθνοποὶνοοο
958 1233 998 1315 (p.
1017 1234 1080 1293 328
1094 1231 1144 1313 D).

141 1348 178 1413 In
210 1359 339 1432 utraque
370 1349 567 1412 inveniuntur
590 1349 757 1412 sententiae
779 1371 857 1432 quae
880 1350 912 1412 in
935 1348 999 1412 VII
1023 1371 1145 1433 quoquc

141 1474 214 1530 sunt
245 1467 359 1531 obviae.
407 1467 455 1530 Ita
485 1467 646 1544 Hermiae,
674 1468 781 1551 juveni
810 1468 923 1545 nobili,
948 1478 984 1531 ut
1007 1468 1143 1546 videtur,

142 1593 171 1648 ct
194 1609 265 1648 suae
289 1585 419 1648 civitatis
443 1585 590 1669 principi,
615 1586 693 1648 nihil
717 1585 812 1670 pluris
828 1585 1050 1649 aestimandum
1063 1610 1147 1671 prae-

140 1705 213 1788 cipit
236 1705 252 1779 ἢ
280 1707 386 1779 πλῆθος
413 1705 507 1786 φίλων
537 1705 669 1781 βεβαίων
691 1730 724 1769 πε
748 1704 797 1768 κον)
824 1701 884 1780 ἦθος
908 1705 1033 1785 ἑχόντων
1056 1707 1144 1783 ὑγιές.

138 1823 222 1887 Idem
248 1823 357 1886 suadet
379 1823 436 1908 Ilp.
460 1823 541 1900 VII,
566 1847 595 1908 p.
621 1826 684 1887 331
709 1823 735 1885 E
756 1831 786 1887 et
814 1827 877 1887 332
908 1823 943 1887 C.
991 1823 1144 1888 Notabilis

140 1963 262 2025 quoque
274 1964 353 2009 ,usus
369 1941 510 2005 vocabuli
525 1942 614 2020 κύριος
630 1965 660 2025 p.
678 1944 741 2005 323
763 1941 788 2004 Ο
800 1941 829 2004 D
842 1942 874 2004 in
886 1942 1000 2021 ποτέρου
1012 1943 1101 2022 κύριον
1115 1952 1145 2006 et

139 2063 263 2141 χρῆσθαι
293 2059 411 2142 {ordina
441 2065 500 2157 nal
523 2063 597 2140 νόμῳ
625 2061 719 2139 κυρίῳ,
748 2060 831 2144 qnod
854 2082 950 2144 aeque
973 2062 1144 2145 quaesitum

139 2186 232 2262 atque
255 2179 312 2264 Ep.
337 2179 433 2257 VIII,
457 2203 486 2264 p.
512 2182 576 2243 354
597 2178 638 2243 O:
655 2179 737 2257 νόμος
753 2179 1142 2262 ἕπεοδίρκύριοςένὲνετοβοο-

138 2297 234 2366 corda
256 2303 312 2362 πῶν
334 2297 492 2378 ἀνθρώπων.
539 2298 678 2381 Utroque
701 2300 768 2362 loco
792 2299 824 2362 id
844 2321 966 2383 prorsus
982 2299 1143 2364 redundat.

183 2414 326 2479 Ceterum
356 2438 438 2479 unus
465 2424 510 2480 est
532 2416 616 2480 locus
638 2418 671 2480 in
694 2417 751 2502 Ep.
776 2417 836 2495 VI,
867 2418 900 2496 in
927 2440 987 2501 quo
1015 2401 1145 2504 graviter

139 2533 330 2597 offendenmt
351 2533 409 2597 viri
431 2535 529 2614 docti,
554 2536 700 2600 nimirum
723 2536 796 2600 haec
821 2537 946 2620 quaein
965 2537 1145 2622 finelegnn-

141 2660 208 2716 tur:
240 2654 288 2716 τὸν
318 2658 373 2716 τῶν
404 2654 520 2718 ποένπων
551 2654 609 2717 θεὸν
631 2655 678 2718 κον)
703 2654 832 2732 ἠρέμουν
854 2660 910 2720 πῶν
934 2681 965 2719 τε
988 2655 1072 2721 ὄντων
1096 2657 1144 2720 aa>

140 2772 322 2848 μελλόντων,
346 2776 452 2837 τοῦτο
476 2773 613 2850 ἡνὲμονος
637 2773 685 2836 aa>
709 2774 800 2838 xlrlco
824 2773 939 2853 ποοπὲροο
953 2772 1042 2859 νόριον
1057 2777 1147 2850 ἕπομ-

140 2890 258 2973 adurar:
291 2912 369 2973 quae
396 2889 628 2953 Tennemannus
652 2890 763 2974 aliique
786 2913 804 2954 a
827 2890 1001 2955 Christiano
1023 2893 1146 2956 homine

141 3016 244 3072 assuta
267 3031 331 3072 esse
354 3007 548 3072 crediderunt
570 3009 619 3091 (cf.
644 3011 721 3072 Asa·
736 3031 766 3093 p.
796 3011 880 3093 511).
928 3009 999 3073 Sine
1014 3011 1146 3088 ratione,

140 3128 256 3211 opinor.
303 3127 349 3190 Dc
373 3126 431 3190 hoc
453 3133 555 3191 autem
578 3127 657 3190 infra
680 3133 802 3190 acturus
825 3150 902 3191 sum.

184 3245 251 3309 Hae
284 3245 380 3330 igitur
414 3245 559 3330 epistolae
589 3268 665 3330 quas
695 3246 859 3309 memoravi
889 3247 915 3310 si
949 3269 1018 3310 cum
1050 3246 1147 3310 ἮΙῑ118

140 3366 352 3443 conferuntur,
384 3365 428 3428 ita
455 3387 525 3428 cum
556 3365 612 3428 hac
644 3366 824 3450 conjunctae
855 3372 944 3443 sunt,
973 3373 1026 3443 ut,
1062 3365 1145 3449 quod

139 3483 221 3547 idem
252 3507 344 3568 supra
372 3484 410 3547 de
432 3482 571 3568 Epistola
594 3482 639 3546 IV
662 3483 947 3561 animadvertimus,
973 3506 1039 3547 eam
1062 3484 1148 3547 velut

137 3603 292 3688 ⁴explicent
314 3610 345 3666 ct
368 3602 563 3686 amplificent.
673 3669 674 3676 ρ

185 3839 284 3903 Aliter
306 3845 496 3925 comparatae
519 3847 591 3903 sunt
614 3862 666 3903 eae
689 3862 766 3923 quac
781 3846 913 3916 restant,
934 3838 1089 3924 Epistolae
1101 3838 1149 3902 XI

141 3968 171 4022 et
193 3958 275 4035 XII,
300 3981 378 4042 qnae
401 3966 580 4042 argumento
604 3966 635 4022 et
657 3959 794 4022 oratione
816 3980 870 4043 pro
894 3965 979 4047 parte
1001 3957 1148 4043 Ilpistolis

141 4077 157 4143 I
181 4084 210 4143 ct
233 4077 316 4145 XIII
338 4077 530 4170 aequiparari
552 4083 689 4161 possunt,
