<?xml version="1.0" encoding="UTF-8"?>
<!DOCTYPE html PUBLIC "-//W3C//DTD XHTML 1.0 Transitional//EN"
    "http://www.w3.org/TR/xhtml1/DTD/xhtml1-transitional.dtd">
<html xmlns="http://www.w3.org/1999/xhtml" xml:lang="en" lang="en">
 <head>
  <title>
</title>
<meta http-equiv="Content-Type" content="text/html;charset=utf-8" />
  <meta name='ocr-system' content='tesseract 3.04.00' />
  <meta name='ocr-capabilities' content='ocr_page ocr_carea ocr_par ocr_line ocrx_word'/>
</head>
<body>
  <div class='ocr_page' id='page_1' title='image "./commentatiocrit00karsgoog_0233.png"; bbox 0 0 2746 4950; ppageno 0'>
   <div class='ocr_carea' id='block_1_1' title="bbox 661 367 722 426">
    <p class='ocr_par' dir='ltr' id='par_1_1' title="bbox 661 367 722 426">
     <span class='ocr_line' id='line_1_1' title="bbox 661 367 722 426; baseline 0 0"><span class='ocrx_word' id='word_1_1' title='bbox 661 367 722 426; x_wconf 79' lang='lat'>194</span> 
     </span>
    </p>
   </div>
   <div class='ocr_carea' id='block_1_2' title="bbox 180 570 1203 3624">
    <p class='ocr_par' dir='ltr' id='par_1_2' title="bbox 180 570 1203 2904">
     <span class='ocr_line' id='line_1_2' title="bbox 187 570 1203 654; baseline 0.009 -21"><span class='ocrx_word' id='word_1_2' title='bbox 187 570 224 633; x_wconf 86' lang='lat' dir='ltr'>ad</span> <span class='ocrx_word' id='word_1_3' title='bbox 241 570 417 654; x_wconf 74' lang='lat' dir='ltr'>qualitatem</span> <span class='ocrx_word' id='word_1_4' title='bbox 441 570 589 654; x_wconf 87' lang='lat' dir='ltr'>cuiusque</span> <span class='ocrx_word' id='word_1_5' title='bbox 612 571 655 634; x_wconf 89' lang='lat' dir='ltr'>rei</span> <span class='ocrx_word' id='word_1_6' title='bbox 678 592 769 651; x_wconf 90' lang='lat' dir='ltr'>quam</span> <span class='ocrx_word' id='word_1_7' title='bbox 794 571 832 634; x_wconf 88' lang='lat' dir='ltr'>ad</span> <span class='ocrx_word' id='word_1_8' title='bbox 856 573 1019 637; x_wconf 76' lang='lat' dir='ltr'><strong>essentiam</strong></span> <span class='ocrx_word' id='word_1_9' title='bbox 1047 575 1203 641; x_wconf 86' lang='lat' dir='ltr'>declaran-</span> 
     </span>
     <span class='ocr_line' id='line_1_3' title="bbox 186 688 1202 772; baseline 0.009 -21"><span class='ocrx_word' id='word_1_10' title='bbox 186 688 255 751; x_wconf 86' lang='lat' dir='ltr'>dam</span> <span class='ocrx_word' id='word_1_11' title='bbox 277 688 324 752; x_wconf 70' lang='grc' dir='ltr'>3ιά</span> <span class='ocrx_word' id='word_1_12' title='bbox 339 689 372 752; x_wconf 83' lang='grc' dir='ltr'>τὸ</span> <span class='ocrx_word' id='word_1_13' title='bbox 389 696 443 752; x_wconf 81' lang='grc' dir='ltr'>τῶν</span> <span class='ocrx_word' id='word_1_14' title='bbox 463 688 558 764; x_wconf 75' lang='grc' dir='ltr'><em>λόγων</em></span> <span class='ocrx_word' id='word_1_15' title='bbox 575 689 706 769; x_wconf 78' lang='grc' dir='ltr'><em>ἀσθενὲς,</em></span> <span class='ocrx_word' id='word_1_16' title='bbox 731 689 769 752; x_wconf 91' lang='lat' dir='ltr'>ob</span> <span class='ocrx_word' id='word_1_17' title='bbox 785 689 895 772; x_wconf 87' lang='lat' dir='ltr'>judicii</span> <span class='ocrx_word' id='word_1_18' title='bbox 919 691 1202 759; x_wconf 86' lang='lat' dir='ltr'>imbecillitatem.&#39;&#39;</span> 
     </span>
     <span class='ocr_line' id='line_1_4' title="bbox 186 806 1202 898; baseline 0.009 -28"><span class='ocrx_word' id='word_1_19' title='bbox 186 806 347 886; x_wconf 82' lang='lat' dir='ltr'>Quomodo</span> <span class='ocrx_word' id='word_1_20' title='bbox 371 816 472 872; x_wconf 89' lang='lat' dir='ltr'>autem</span> <span class='ocrx_word' id='word_1_21' title='bbox 496 808 528 870; x_wconf 90' lang='lat' dir='ltr'>in</span> <span class='ocrx_word' id='word_1_22' title='bbox 551 807 608 870; x_wconf 92' lang='lat' dir='ltr'>hoc</span> <span class='ocrx_word' id='word_1_23' title='bbox 632 809 690 870; x_wconf 90' lang='lat' dir='ltr'>sita</span> <span class='ocrx_word' id='word_1_24' title='bbox 713 830 777 871; x_wconf 87' lang='lat' dir='ltr'>esse</span> <span class='ocrx_word' id='word_1_25' title='bbox 801 816 901 891; x_wconf 87' lang='lat' dir='ltr'>potest</span> <span class='ocrx_word' id='word_1_26' title='bbox 923 831 1019 874; x_wconf 90' lang='lat' dir='ltr'>causa</span> <span class='ocrx_word' id='word_1_27' title='bbox 1042 813 1087 878; x_wconf 93' lang='lat' dir='ltr'>ob</span> <span class='ocrx_word' id='word_1_28' title='bbox 1113 836 1202 898; x_wconf 89' lang='lat' dir='ltr'>quam</span> 
     </span>
     <span class='ocr_line' id='line_1_5' title="bbox 185 927 1200 1012; baseline 0.007 -22"><span class='ocrx_word' id='word_1_29' title='bbox 185 928 303 991; x_wconf 87' lang='lat' dir='ltr'>animus</span> <span class='ocrx_word' id='word_1_30' title='bbox 320 927 488 1012; x_wconf 83' lang='lat' dir='ltr'>distinguat</span> <span class='ocrx_word' id='word_1_31' title='bbox 502 928 535 991; x_wconf 81' lang='grc' dir='ltr'>τὸ</span> <span class='ocrx_word' id='word_1_32' title='bbox 555 928 631 991; x_wconf 78' lang='grc' dir='ltr'><em>ποιὸν</em></span> <span class='ocrx_word' id='word_1_33' title='bbox 651 935 681 991; x_wconf 89' lang='lat' dir='ltr'>et</span> <span class='ocrx_word' id='word_1_34' title='bbox 704 930 736 992; x_wconf 82' lang='grc' dir='ltr'>τὸ</span> <span class='ocrx_word' id='word_1_35' title='bbox 760 928 806 1004; x_wconf 80' lang='grc' dir='ltr'>ὃν,</span> <span class='ocrx_word' id='word_1_36' title='bbox 831 950 962 1012; x_wconf 89' lang='lat' dir='ltr'>quorum</span> <span class='ocrx_word' id='word_1_37' title='bbox 981 929 1065 995; x_wconf 90' lang='lat' dir='ltr'>illud</span> <span class='ocrx_word' id='word_1_38' title='bbox 1092 957 1200 1010; x_wconf 88' lang='lat' dir='ltr'>sensu,</span> 
     </span>
     <span class='ocr_line' id='line_1_6' title="bbox 185 1044 1200 1132; baseline 0.007 -24"><span class='ocrx_word' id='word_1_39' title='bbox 185 1046 242 1109; x_wconf 90' lang='lat' dir='ltr'>hoo</span> <span class='ocrx_word' id='word_1_40' title='bbox 272 1047 388 1109; x_wconf 81' lang='lat' dir='ltr'>ratione</span> <span class='ocrx_word' id='word_1_41' title='bbox 421 1045 578 1109; x_wconf 78' lang='lat' dir='ltr'>noscitur?</span> <span class='ocrx_word' id='word_1_42' title='bbox 623 1044 660 1108; x_wconf 88' lang='lat' dir='ltr'>ld</span> <span class='ocrx_word' id='word_1_43' title='bbox 696 1045 820 1129; x_wconf 85' lang='lat' dir='ltr'>perinde</span> <span class='ocrx_word' id='word_1_44' title='bbox 855 1055 916 1124; x_wconf 87' lang='lat' dir='ltr'>est,</span> <span class='ocrx_word' id='word_1_45' title='bbox 948 1049 1083 1132; x_wconf 85' lang='lat' dir='ltr'>opinor,</span> <span class='ocrx_word' id='word_1_46' title='bbox 1119 1053 1200 1115; x_wconf 90' lang='lat' dir='ltr'>acsi</span> 
     </span>
     <span class='ocr_line' id='line_1_7' title="bbox 185 1163 1200 1253; baseline 0.006 -27"><span class='ocrx_word' id='word_1_47' title='bbox 185 1163 315 1228; x_wconf 90' lang='lat' dir='ltr'>diceres:</span> <span class='ocrx_word' id='word_1_48' title='bbox 347 1186 453 1227; x_wconf 86' lang='lat' dir='ltr'>sensus</span> <span class='ocrx_word' id='word_1_49' title='bbox 483 1185 545 1226; x_wconf 92' lang='lat' dir='ltr'>uon</span> <span class='ocrx_word' id='word_1_50' title='bbox 576 1163 676 1227; x_wconf 88' lang='lat' dir='ltr'>solum</span> <span class='ocrx_word' id='word_1_51' title='bbox 706 1163 836 1228; x_wconf 87' lang='lat' dir='ltr'>colorem</span> <span class='ocrx_word' id='word_1_52' title='bbox 868 1165 921 1228; x_wconf 89' lang='lat' dir='ltr'>sed</span> <span class='ocrx_word' id='word_1_53' title='bbox 948 1167 1041 1230; x_wconf 87' lang='lat' dir='ltr'>etiam</span> <span class='ocrx_word' id='word_1_54' title='bbox 1068 1169 1200 1253; x_wconf 83' lang='lat' dir='ltr'>figurem</span> 
     </span>
     <span class='ocr_line' id='line_1_8' title="bbox 184 1281 1200 1372; baseline 0.005 -25"><span class='ocrx_word' id='word_1_55' title='bbox 184 1306 285 1347; x_wconf 91' lang='lat' dir='ltr'>rerum</span> <span class='ocrx_word' id='word_1_56' title='bbox 308 1282 394 1348; x_wconf 86' lang='lat' dir='ltr'>nobis</span> <span class='ocrx_word' id='word_1_57' title='bbox 417 1282 583 1346; x_wconf 88' lang='lat' dir='ltr'>ostendunt</span> <span class='ocrx_word' id='word_1_58' title='bbox 605 1281 643 1346; x_wconf 94' lang='lat' dir='ltr'>ob</span> <span class='ocrx_word' id='word_1_59' title='bbox 667 1283 750 1346; x_wconf 85' lang='lat' dir='ltr'>visus</span> <span class='ocrx_word' id='word_1_60' title='bbox 774 1282 1025 1349; x_wconf 73' lang='lat' dir='ltr'>imbecillitatem.</span> <span class='ocrx_word' id='word_1_61' title='bbox 1061 1286 1106 1350; x_wconf 78' lang='lat' dir='ltr'>Et</span> <span class='ocrx_word' id='word_1_62' title='bbox 1130 1310 1200 1372; x_wconf 84' lang='lat' dir='ltr'>quo</span> 
     </span>
     <span class='ocr_line' id='line_1_9' title="bbox 185 1399 1199 1488; baseline 0.007 -23"><span class='ocrx_word' id='word_1_63' title='bbox 185 1402 275 1466; x_wconf 93' lang='lat' dir='ltr'>modo</span> <span class='ocrx_word' id='word_1_64' title='bbox 306 1425 374 1466; x_wconf 90' lang='lat' dir='ltr'>oum</span> <span class='ocrx_word' id='word_1_65' title='bbox 405 1402 452 1465; x_wconf 90' lang='lat' dir='ltr'>his</span> <span class='ocrx_word' id='word_1_66' title='bbox 480 1401 620 1466; x_wconf 74' lang='lat' dir='ltr'>cohaeret</span> <span class='ocrx_word' id='word_1_67' title='bbox 642 1401 814 1465; x_wconf 85' lang='lat' dir='ltr'>conclusio:</span> <span class='ocrx_word' id='word_1_68' title='bbox 840 1399 880 1465; x_wconf 83' lang='grc' dir='ltr'>ὧν</span> <span class='ocrx_word' id='word_1_69' title='bbox 903 1400 1009 1466; x_wconf 78' lang='grc' dir='ltr'><em>ἕνεκα</em></span> <span class='ocrx_word' id='word_1_70' title='bbox 1034 1412 1101 1470; x_wconf 82' lang='grc' dir='ltr'><em>νοῦν</em></span> <span class='ocrx_word' id='word_1_71' title='bbox 1125 1406 1199 1488; x_wconf 81' lang='grc' dir='ltr'><em>ἔχων</em></span> 
     </span>
     <span class='ocr_line' id='line_1_10' title="bbox 184 1518 1199 1598; baseline 0.004 -13"><span class='ocrx_word' id='word_1_72' title='bbox 184 1521 272 1592; x_wconf 72' lang='grc' dir='ltr'><em>οὐδεὶς</em></span> <span class='ocrx_word' id='word_1_73' title='bbox 294 1523 433 1598; x_wconf 76' lang='grc' dir='ltr'>τολμήσει</span> <span class='ocrx_word' id='word_1_74' title='bbox 455 1523 521 1584; x_wconf 86' lang='grc' dir='ltr'><em>τοτ’</em></span> <span class='ocrx_word' id='word_1_75' title='bbox 543 1520 582 1590; x_wconf 75' lang='grc' dir='ltr'>εἰς</span> <span class='ocrx_word' id='word_1_76' title='bbox 606 1520 677 1584; x_wconf 78' lang='grc' dir='ltr'><em>αὐτὸ</em></span> <span class='ocrx_word' id='word_1_77' title='bbox 700 1518 805 1584; x_wconf 78' lang='grc' dir='ltr'><em>τιθέναι</em></span> <span class='ocrx_word' id='word_1_78' title='bbox 828 1521 870 1584; x_wconf 75' lang='grc' dir='ltr'>τοὶ</span> <span class='ocrx_word' id='word_1_79' title='bbox 893 1521 1048 1598; x_wconf 80' lang='grc' dir='ltr'><em>νενοημένα</em></span> <span class='ocrx_word' id='word_1_80' title='bbox 1074 1525 1128 1588; x_wconf 77' lang='grc' dir='ltr'>ὑπ’</span> <span class='ocrx_word' id='word_1_81' title='bbox 1152 1529 1199 1589; x_wconf 79' lang='grc' dir='ltr'>αὐ-</span> 
     </span>
     <span class='ocr_line' id='line_1_11' title="bbox 184 1636 1197 1723; baseline 0.002 -19"><span class='ocrx_word' id='word_1_82' title='bbox 184 1647 252 1722; x_wconf 79' lang='grc' dir='ltr'><em>τοῦ,</em></span> <span class='ocrx_word' id='word_1_83' title='bbox 276 1641 325 1704; x_wconf 78' lang='grc' dir='ltr'>καὶ</span> <span class='ocrx_word' id='word_1_84' title='bbox 347 1643 433 1705; x_wconf 82' lang='grc' dir='ltr'><em>ταῦτ’</em></span> <span class='ocrx_word' id='word_1_85' title='bbox 455 1639 495 1709; x_wconf 78' lang='grc' dir='ltr'>εἰς</span> <span class='ocrx_word' id='word_1_86' title='bbox 517 1638 747 1715; x_wconf 81' lang='grc' dir='ltr'><em>ἀμετακίνητον,</em></span> <span class='ocrx_word' id='word_1_87' title='bbox 771 1636 784 1701; x_wconf 76' lang='grc' dir='ltr'>ὃ</span> <span class='ocrx_word' id='word_1_88' title='bbox 807 1638 840 1712; x_wconf 75' lang='grc' dir='ltr'>θη</span> <span class='ocrx_word' id='word_1_89' title='bbox 863 1638 980 1718; x_wconf 82' lang='grc' dir='ltr'><em>τάσχει</em></span> <span class='ocrx_word' id='word_1_90' title='bbox 998 1644 1042 1705; x_wconf 83' lang='grc' dir='ltr'><em>τά</em></span> <span class='ocrx_word' id='word_1_91' title='bbox 1057 1664 1197 1723; x_wconf 82' lang='grc' dir='ltr'><em>γεγραμ-</em></span> 
     </span>
     <span class='ocr_line' id='line_1_12' title="bbox 185 1755 1198 1841; baseline 0 -17"><span class='ocrx_word' id='word_1_92' title='bbox 185 1760 259 1837; x_wconf 83' lang='grc' dir='ltr'><em>μένα</em></span> <span class='ocrx_word' id='word_1_93' title='bbox 280 1758 395 1836; x_wconf 67' lang='lat' dir='ltr'>celerem,</span> <span class='ocrx_word' id='word_1_94' title='bbox 418 1759 449 1821; x_wconf 94' lang='lat' dir='ltr'>in</span> <span class='ocrx_word' id='word_1_95' title='bbox 474 1756 586 1841; x_wconf 89' lang='lat' dir='ltr'>quibus</span> <span class='ocrx_word' id='word_1_96' title='bbox 608 1755 687 1820; x_wconf 90' lang='lat' dir='ltr'>illud</span> <span class='ocrx_word' id='word_1_97' title='bbox 709 1757 748 1829; x_wconf 76' lang='grc' dir='ltr'>εἰς</span> <span class='ocrx_word' id='word_1_98' title='bbox 772 1757 845 1821; x_wconf 80' lang='grc' dir='ltr'><em>αὐτὸ</em></span> <span class='ocrx_word' id='word_1_99' title='bbox 860 1758 1055 1823; x_wconf 88' lang='lat' dir='ltr'>referendum</span> <span class='ocrx_word' id='word_1_100' title='bbox 1074 1761 1198 1826; x_wconf 89' lang='lat' dir='ltr'>videtur</span> 
     </span>
     <span class='ocr_line' id='line_1_13' title="bbox 186 1873 1198 1958; baseline 0.003 -18"><span class='ocrx_word' id='word_1_101' title='bbox 186 1878 224 1941; x_wconf 86' lang='lat' dir='ltr'>ad</span> <span class='ocrx_word' id='word_1_102' title='bbox 251 1878 285 1941; x_wconf 83' lang='grc' dir='ltr'>τὸ</span> <span class='ocrx_word' id='word_1_103' title='bbox 314 1883 369 1942; x_wconf 78' lang='grc' dir='ltr'>τῶν</span> <span class='ocrx_word' id='word_1_104' title='bbox 403 1876 497 1951; x_wconf 76' lang='grc' dir='ltr'><em>λόγων</em></span> <span class='ocrx_word' id='word_1_105' title='bbox 523 1873 657 1951; x_wconf 67' lang='grc' dir='ltr'><em>ἀσθενέες</em></span> <span class='ocrx_word' id='word_1_106' title='bbox 682 1873 757 1937; x_wconf 91' lang='lat' dir='ltr'>dicit</span> <span class='ocrx_word' id='word_1_107' title='bbox 780 1895 867 1958; x_wconf 84' lang='lat' dir='ltr'>ergo:</span> <span class='ocrx_word' id='word_1_108' title='bbox 892 1873 954 1954; x_wconf 84' lang='lat' dir='ltr'>„ob</span> <span class='ocrx_word' id='word_1_109' title='bbox 978 1875 1036 1939; x_wconf 89' lang='lat' dir='ltr'>has</span> <span class='ocrx_word' id='word_1_110' title='bbox 1060 1880 1198 1943; x_wconf 81' lang='lat' dir='ltr'>rationes</span> 
     </span>
     <span class='ocr_line' id='line_1_14' title="bbox 185 1990 1197 2080; baseline -0.001 -20"><span class='ocrx_word' id='word_1_111' title='bbox 185 2000 342 2080; x_wconf 85' lang='lat' dir='ltr'>(quasnam</span> <span class='ocrx_word' id='word_1_112' title='bbox 350 1995 375 2078; x_wconf 77' lang='lat' dir='ltr'>P)</span> <span class='ocrx_word' id='word_1_113' title='bbox 398 2014 487 2058; x_wconf 89' lang='lat' dir='ltr'>nemo</span> <span class='ocrx_word' id='word_1_114' title='bbox 510 1993 629 2075; x_wconf 87' lang='lat' dir='ltr'>sapiens</span> <span class='ocrx_word' id='word_1_115' title='bbox 645 1990 770 2055; x_wconf 84' lang='lat' dir='ltr'>audebit</span> <span class='ocrx_word' id='word_1_116' title='bbox 786 1993 917 2076; x_wconf 77' lang='lat' dir='ltr'>cogitata</span> <span class='ocrx_word' id='word_1_117' title='bbox 932 1993 965 2056; x_wconf 91' lang='lat' dir='ltr'>in</span> <span class='ocrx_word' id='word_1_118' title='bbox 980 1993 1197 2074; x_wconf 81' lang='lat' dir='ltr'>definitiones,</span> 
     </span>
     <span class='ocr_line' id='line_1_15' title="bbox 185 2109 1198 2192; baseline 0 -13"><span class='ocrx_word' id='word_1_119' title='bbox 185 2124 215 2179; x_wconf 90' lang='lat' dir='ltr'>et</span> <span class='ocrx_word' id='word_1_120' title='bbox 242 2115 296 2178; x_wconf 81' lang='lat' dir='ltr'>has</span> <span class='ocrx_word' id='word_1_121' title='bbox 319 2115 351 2177; x_wconf 92' lang='lat' dir='ltr'>in</span> <span class='ocrx_word' id='word_1_122' title='bbox 374 2114 501 2176; x_wconf 83' lang='lat' dir='ltr'>formam</span> <span class='ocrx_word' id='word_1_123' title='bbox 523 2110 762 2187; x_wconf 86' lang='lat' dir='ltr'>immutabilem,</span> <span class='ocrx_word' id='word_1_124' title='bbox 786 2109 816 2173; x_wconf 91' lang='lat' dir='ltr'>h.</span> <span class='ocrx_word' id='word_1_125' title='bbox 841 2133 867 2174; x_wconf 90' lang='lat' dir='ltr'>e.</span> <span class='ocrx_word' id='word_1_126' title='bbox 891 2111 924 2174; x_wconf 92' lang='lat' dir='ltr'>iu</span> <span class='ocrx_word' id='word_1_127' title='bbox 948 2111 1072 2192; x_wconf 85' lang='lat' dir='ltr'>literas,</span> <span class='ocrx_word' id='word_1_128' title='bbox 1102 2115 1198 2180; x_wconf 92' lang='lat' dir='ltr'>inclu-</span> 
     </span>
     <span class='ocr_line' id='line_1_16' title="bbox 183 2229 1198 2320; baseline 0 -23"><span class='ocrx_word' id='word_1_129' title='bbox 183 2233 285 2298; x_wconf 87' lang='lat' dir='ltr'>dere.’&#39;</span> <span class='ocrx_word' id='word_1_130' title='bbox 314 2231 505 2295; x_wconf 85' lang='lat' dir='ltr'>Videnturne</span> <span class='ocrx_word' id='word_1_131' title='bbox 527 2229 601 2292; x_wconf 90' lang='lat' dir='ltr'>haec</span> <span class='ocrx_word' id='word_1_132' title='bbox 625 2250 689 2292; x_wconf 88' lang='lat' dir='ltr'>esse</span> <span class='ocrx_word' id='word_1_133' title='bbox 704 2229 770 2292; x_wconf 91' lang='lat' dir='ltr'>sani</span> <span class='ocrx_word' id='word_1_134' title='bbox 785 2229 893 2313; x_wconf 85' lang='lat' dir='ltr'>capitis</span> <span class='ocrx_word' id='word_1_135' title='bbox 908 2231 1062 2314; x_wconf 85' lang='lat' dir='ltr'>cogitata,</span> <span class='ocrx_word' id='word_1_136' title='bbox 1089 2256 1131 2297; x_wconf 89' lang='lat' dir='ltr'>an</span> <span class='ocrx_word' id='word_1_137' title='bbox 1148 2257 1198 2320; x_wconf 84' lang='lat' dir='ltr'>po</span> 
     </span>
     <span class='ocr_line' id='line_1_17' title="bbox 183 2346 1196 2432; baseline 0.001 -16"><span class='ocrx_word' id='word_1_138' title='bbox 183 2354 245 2417; x_wconf 89' lang='lat' dir='ltr'>tius</span> <span class='ocrx_word' id='word_1_139' title='bbox 265 2351 420 2415; x_wconf 87' lang='lat' dir='ltr'>delirantis</span> <span class='ocrx_word' id='word_1_140' title='bbox 431 2347 487 2412; x_wconf 86' lang='lat' dir='ltr'>&#39;vel</span> <span class='ocrx_word' id='word_1_141' title='bbox 503 2346 740 2432; x_wconf 84' lang='lat' dir='ltr'>praestigiatoris</span> <span class='ocrx_word' id='word_1_142' title='bbox 756 2347 878 2431; x_wconf 83' lang='lat' dir='ltr'>nugae?</span> <span class='ocrx_word' id='word_1_143' title='bbox 909 2347 1014 2412; x_wconf 91' lang='lat' dir='ltr'>Dictio</span> <span class='ocrx_word' id='word_1_144' title='bbox 1030 2352 1143 2415; x_wconf 86' lang='grc' dir='ltr'><em>τιθέναι</em></span> <span class='ocrx_word' id='word_1_145' title='bbox 1159 2354 1196 2426; x_wconf 79' lang='grc' dir='ltr'>εἷς</span> 
     </span>
     <span class='ocr_line' id='line_1_18' title="bbox 182 2465 1194 2553; baseline -0.001 -17"><span class='ocrx_word' id='word_1_146' title='bbox 182 2473 368 2552; x_wconf 85' lang='grc' dir='ltr'><em>γράμματα,</em></span> <span class='ocrx_word' id='word_1_147' title='bbox 388 2489 443 2552; x_wconf 89' lang='lat' dir='ltr'>pro</span> <span class='ocrx_word' id='word_1_148' title='bbox 465 2466 559 2530; x_wconf 76' lang='lat' dir='ltr'>literis</span> <span class='ocrx_word' id='word_1_149' title='bbox 580 2472 693 2542; x_wconf 82' lang='lat' dir='ltr'>notare,</span> <span class='ocrx_word' id='word_1_150' title='bbox 712 2466 808 2549; x_wconf 89' lang='lat' dir='ltr'>petita</span> <span class='ocrx_word' id='word_1_151' title='bbox 826 2474 872 2529; x_wconf 89' lang='lat' dir='ltr'>est</span> <span class='ocrx_word' id='word_1_152' title='bbox 888 2489 903 2530; x_wconf 93' lang='lat' dir='ltr'>e</span> <span class='ocrx_word' id='word_1_153' title='bbox 920 2465 1064 2551; x_wconf 86' lang='lat' dir='ltr'>Cratylo‚</span> <span class='ocrx_word' id='word_1_154' title='bbox 1082 2492 1115 2553; x_wconf 93' lang='lat' dir='ltr'>p.</span> <span class='ocrx_word' id='word_1_155' title='bbox 1131 2475 1194 2535; x_wconf 82' lang='lat'>390</span> 
     </span>
     <span class='ocr_line' id='line_1_19' title="bbox 182 2581 1195 2666; baseline 0.002 -12"><span class='ocrx_word' id='word_1_156' title='bbox 182 2591 225 2654; x_wconf 77' lang='lat' dir='ltr'>E:</span> <span class='ocrx_word' id='word_1_157' title='bbox 249 2594 279 2656; x_wconf 78' lang='grc' dir='ltr'>οὐ</span> <span class='ocrx_word' id='word_1_158' title='bbox 302 2590 404 2654; x_wconf 86' lang='grc' dir='ltr'><em>τάντα</em></span> <span class='ocrx_word' id='word_1_159' title='bbox 427 2587 593 2666; x_wconf 77' lang='grc' dir='ltr'><em>δημιουργὸν</em></span> <span class='ocrx_word' id='word_1_160' title='bbox 616 2585 761 2662; x_wconf 81' lang='grc' dir='ltr'><em>θνομάτων</em></span> <span class='ocrx_word' id='word_1_161' title='bbox 780 2581 868 2665; x_wconf 80' lang='grc' dir='ltr'><em>εἶναι,</em></span> <span class='ocrx_word' id='word_1_162' title='bbox 882 2585 966 2650; x_wconf 77' lang='grc' dir='ltr'>ἀλλά</span> <span class='ocrx_word' id='word_1_163' title='bbox 979 2585 1065 2661; x_wconf 87' lang='grc' dir='ltr'><em>μθνον</em></span> <span class='ocrx_word' id='word_1_164' title='bbox 1076 2588 1130 2653; x_wconf 88' lang='grc' dir='ltr'>τὸν</span> <span class='ocrx_word' id='word_1_165' title='bbox 1144 2642 1151 2655; x_wconf 92' lang='grc'><strong>.</strong></span> <span class='ocrx_word' id='word_1_166' title='bbox 1167 2641 1195 2656; x_wconf 93' lang='grc'>..</span> 
     </span>
     <span class='ocr_line' id='line_1_20' title="bbox 181 2700 1196 2788; baseline -0.003 -14"><span class='ocrx_word' id='word_1_167' title='bbox 181 2710 333 2788; x_wconf 77' lang='grc' dir='ltr'><em>δννάμενον</em></span> <span class='ocrx_word' id='word_1_168' title='bbox 366 2710 455 2772; x_wconf 80' lang='grc' dir='ltr'><em>αὑτοῦ</em></span> <span class='ocrx_word' id='word_1_169' title='bbox 486 2706 519 2770; x_wconf 80' lang='grc' dir='ltr'>τὸ</span> <span class='ocrx_word' id='word_1_170' title='bbox 542 2700 614 2776; x_wconf 75' lang='grc' dir='ltr'><em>εἶδος</em></span> <span class='ocrx_word' id='word_1_171' title='bbox 636 2703 740 2768; x_wconf 79' lang='grc' dir='ltr'><em>τιθέναι</em></span> <span class='ocrx_word' id='word_1_172' title='bbox 763 2703 803 2776; x_wconf 80' lang='grc' dir='ltr'>εἴς</span> <span class='ocrx_word' id='word_1_173' title='bbox 826 2730 860 2769; x_wconf 92' lang='grc' dir='ltr'>τε</span> <span class='ocrx_word' id='word_1_174' title='bbox 878 2706 920 2768; x_wconf 78' lang='grc' dir='ltr'>τα</span> <span class='ocrx_word' id='word_1_175' title='bbox 942 2705 1124 2784; x_wconf 84' lang='grc' dir='ltr'><em>γράμματα</em></span> <span class='ocrx_word' id='word_1_176' title='bbox 1148 2710 1196 2771; x_wconf 78' lang='grc' dir='ltr'>καὶ</span> 
     </span>
     <span class='ocr_line' id='line_1_21' title="bbox 180 2825 429 2904; baseline -0.012 -10"><span class='ocrx_word' id='word_1_177' title='bbox 180 2830 236 2901; x_wconf 77' lang='grc' dir='ltr'>τάι</span> <span class='ocrx_word' id='word_1_178' title='bbox 259 2825 429 2904; x_wconf 80' lang='grc' dir='ltr'><em>σνλλαβάς.</em></span> 
     </span>
    </p>

    <p class='ocr_par' dir='ltr' id='par_1_3' title="bbox 180 2940 1196 3624">
     <span class='ocr_line' id='line_1_22' title="bbox 225 2940 1196 3029; baseline -0.002 -18"><span class='ocrx_word' id='word_1_179' title='bbox 225 2943 484 3029; x_wconf 88' lang='lat' dir='ltr'>Insequentibus</span> <span class='ocrx_word' id='word_1_180' title='bbox 507 2940 657 3018; x_wconf 89' lang='lat' dir='ltr'>ostendit,</span> <span class='ocrx_word' id='word_1_181' title='bbox 682 2948 807 3025; x_wconf 87' lang='lat' dir='ltr'>excepto</span> <span class='ocrx_word' id='word_1_182' title='bbox 830 2948 880 3006; x_wconf 77' lang='grc' dir='ltr'>τοῦ</span> <span class='ocrx_word' id='word_1_183' title='bbox 903 2940 979 3013; x_wconf 84' lang='grc' dir='ltr'><em>θντος</em></span> <span class='ocrx_word' id='word_1_184' title='bbox 1003 2950 1108 3007; x_wconf 88' lang='lat' dir='ltr'>cetera</span> <span class='ocrx_word' id='word_1_185' title='bbox 1133 2969 1196 3011; x_wconf 93' lang='lat' dir='ltr'>om·</span> 
     </span>
     <span class='ocr_line' id='line_1_23' title="bbox 180 3058 1196 3148; baseline -0.001 -17"><span class='ocrx_word' id='word_1_186' title='bbox 180 3067 248 3144; x_wconf 86' lang='lat' dir='ltr'>nia,</span> <span class='ocrx_word' id='word_1_187' title='bbox 279 3065 382 3142; x_wconf 82' lang='grc' dir='ltr'><em>ὄνομα,</em></span> <span class='ocrx_word' id='word_1_188' title='bbox 412 3062 517 3139; x_wconf 73' lang='grc' dir='ltr'><em>λόγον,</em></span> <span class='ocrx_word' id='word_1_189' title='bbox 548 3058 672 3137; x_wconf 75' lang='grc' dir='ltr'><em>εἴδωλα,</em></span> <span class='ocrx_word' id='word_1_190' title='bbox 697 3058 827 3123; x_wconf 87' lang='lat' dir='ltr'>obscura</span> <span class='ocrx_word' id='word_1_191' title='bbox 849 3082 913 3124; x_wconf 88' lang='lat' dir='ltr'>esse</span> <span class='ocrx_word' id='word_1_192' title='bbox 939 3062 1196 3148; x_wconf 89' lang='lat' dir='ltr'>necquidquam</span> 
     </span>
     <span class='ocr_line' id='line_1_24' title="bbox 180 3177 1196 3267; baseline 0.001 -18"><span class='ocrx_word' id='word_1_193' title='bbox 180 3185 302 3265; x_wconf 83' lang='grc' dir='ltr'><em>βέβαιον</em></span> <span class='ocrx_word' id='word_1_194' title='bbox 324 3182 444 3246; x_wconf 90' lang='lat' dir='ltr'>habere.</span> <span class='ocrx_word' id='word_1_195' title='bbox 483 3177 646 3260; x_wconf 82' lang='lat' dir='ltr'>Quomodo</span> <span class='ocrx_word' id='word_1_196' title='bbox 670 3178 743 3242; x_wconf 88' lang='lat' dir='ltr'>haec</span> <span class='ocrx_word' id='word_1_197' title='bbox 766 3187 937 3262; x_wconf 88' lang='lat' dir='ltr'>congruant</span> <span class='ocrx_word' id='word_1_198' title='bbox 959 3200 1028 3243; x_wconf 91' lang='lat' dir='ltr'>cum</span> <span class='ocrx_word' id='word_1_199' title='bbox 1054 3185 1196 3267; x_wconf 85' lang='lat' dir='ltr'>superio</span> 
     </span>
     <span class='ocr_line' id='line_1_25' title="bbox 180 3292 1195 3381; baseline -0.003 -12"><span class='ocrx_word' id='word_1_200' title='bbox 180 3305 282 3381; x_wconf 88' lang='lat' dir='ltr'>ribus,</span> <span class='ocrx_word' id='word_1_201' title='bbox 306 3300 362 3366; x_wconf 88' lang='lat' dir='ltr'>ubi</span> <span class='ocrx_word' id='word_1_202' title='bbox 383 3299 460 3363; x_wconf 79' lang='lat' dir='ltr'>dixit</span> <span class='ocrx_word' id='word_1_203' title='bbox 482 3299 549 3378; x_wconf 79' lang='grc' dir='ltr'><em>τρία</em></span> <span class='ocrx_word' id='word_1_204' title='bbox 571 3319 635 3361; x_wconf 89' lang='lat' dir='ltr'>esse</span> <span class='ocrx_word' id='word_1_205' title='bbox 657 3297 693 3361; x_wconf 77' lang='grc' dir='ltr'>δι’</span> <span class='ocrx_word' id='word_1_206' title='bbox 716 3292 752 3360; x_wconf 77' lang='grc' dir='ltr'>ἀν</span> <span class='ocrx_word' id='word_1_207' title='bbox 774 3300 825 3371; x_wconf 81' lang='grc' dir='ltr'>την</span> <span class='ocrx_word' id='word_1_208' title='bbox 849 3298 1049 3376; x_wconf 73' lang='grc' dir='ltr'><em>ἐπιστήμην</em></span> <span class='ocrx_word' id='word_1_209' title='bbox 1070 3303 1195 3380; x_wconf 86' lang='grc' dir='ltr'><em>ἀνάγκη</em></span> 
     </span>
     <span class='ocr_line' id='line_1_26' title="bbox 181 3415 1196 3505; baseline -0.001 -18"><span class='ocrx_word' id='word_1_210' title='bbox 181 3421 428 3504; x_wconf 79' lang='grc' dir='ltr'><em>παραγίγνεσθαι,</em></span> <span class='ocrx_word' id='word_1_211' title='bbox 456 3424 487 3481; x_wconf 93' lang='lat' dir='ltr'>et</span> <span class='ocrx_word' id='word_1_212' title='bbox 509 3438 600 3500; x_wconf 84' lang='lat' dir='ltr'>quam</span> <span class='ocrx_word' id='word_1_213' title='bbox 623 3416 779 3480; x_wconf 88' lang='lat' dir='ltr'>scientiam</span> <span class='ocrx_word' id='word_1_214' title='bbox 807 3415 911 3480; x_wconf 87' lang='lat' dir='ltr'>afferre</span> <span class='ocrx_word' id='word_1_215' title='bbox 933 3418 1028 3502; x_wconf 91' lang='lat' dir='ltr'>possit</span> <span class='ocrx_word' id='word_1_216' title='bbox 1052 3424 1196 3505; x_wconf 86' lang='lat' dir='ltr'>cognitio</span> 
     </span>
     <span class='ocr_line' id='line_1_27' title="bbox 180 3535 1196 3624; baseline 0.002 -18"><span class='ocrx_word' id='word_1_217' title='bbox 180 3564 282 3606; x_wconf 88' lang='lat' dir='ltr'>rernm</span> <span class='ocrx_word' id='word_1_218' title='bbox 305 3561 382 3624; x_wconf 86' lang='lat' dir='ltr'>quae</span> <span class='ocrx_word' id='word_1_219' title='bbox 410 3537 505 3622; x_wconf 89' lang='lat' dir='ltr'>ipsius</span> <span class='ocrx_word' id='word_1_220' title='bbox 528 3535 702 3599; x_wconf 89' lang='lat' dir='ltr'>testimonio</span> <span class='ocrx_word' id='word_1_221' title='bbox 725 3535 803 3598; x_wconf 91' lang='lat' dir='ltr'>nihil</span> <span class='ocrx_word' id='word_1_222' title='bbox 827 3535 940 3600; x_wconf 87' lang='lat' dir='ltr'>habent</span> <span class='ocrx_word' id='word_1_223' title='bbox 959 3537 1052 3616; x_wconf 87' lang='lat' dir='ltr'>certi,</span> <span class='ocrx_word' id='word_1_224' title='bbox 1078 3540 1112 3604; x_wconf 91' lang='lat' dir='ltr'>id</span> <span class='ocrx_word' id='word_1_225' title='bbox 1130 3565 1196 3608; x_wconf 93' lang='lat' dir='ltr'>non</span> 
     </span>
    </p>
   </div>
   <div class='ocr_carea' id='block_1_3' title="bbox 182 3653 1196 3862">
    <p class='ocr_par' dir='ltr' id='par_1_4' title="bbox 182 3653 1196 3862">
     <span class='ocr_line' id='line_1_28' title="bbox 182 3653 1196 3744; baseline -0.004 -22"><span class='ocrx_word' id='word_1_226' title='bbox 182 3659 321 3744; x_wconf 84' lang='lat' dir='ltr'>explicat.</span> <span class='ocrx_word' id='word_1_227' title='bbox 345 3656 488 3721; x_wconf 86' lang='lat' dir='ltr'>Ceterum</span> <span class='ocrx_word' id='word_1_228' title='bbox 511 3676 588 3738; x_wconf 87' lang='lat' dir='ltr'>quae</span> <span class='ocrx_word' id='word_1_229' title='bbox 614 3653 690 3718; x_wconf 87' lang='lat' dir='ltr'>dicit</span> <span class='ocrx_word' id='word_1_230' title='bbox 712 3653 749 3717; x_wconf 92' lang='lat' dir='ltr'>de</span> <span class='ocrx_word' id='word_1_231' title='bbox 773 3662 882 3718; x_wconf 86' lang='lat' dir='ltr'>natura</span> <span class='ocrx_word' id='word_1_232' title='bbox 897 3655 1033 3731; x_wconf 82' lang='grc' dir='ltr'><em>θνθματος</em></span> <span class='ocrx_word' id='word_1_233' title='bbox 1052 3665 1085 3720; x_wconf 91' lang='lat' dir='ltr'>et</span> <span class='ocrx_word' id='word_1_234' title='bbox 1100 3662 1196 3739; x_wconf 64' lang='grc' dir='ltr'><em>λόγου</em></span> 
     </span>
     <span class='ocr_line' id='line_1_29' title="bbox 182 3772 1194 3862; baseline -0.008 -21"><span class='ocrx_word' id='word_1_235' title='bbox 182 3775 340 3861; x_wconf 86' lang='lat' dir='ltr'>eOratylo</span> <span class='ocrx_word' id='word_1_236' title='bbox 362 3775 470 3838; x_wconf 89' lang='lat' dir='ltr'>hausta</span> <span class='ocrx_word' id='word_1_237' title='bbox 490 3780 579 3849; x_wconf 91' lang='lat' dir='ltr'>suut,</span> <span class='ocrx_word' id='word_1_238' title='bbox 604 3772 686 3836; x_wconf 91' lang='lat' dir='ltr'>uude</span> <span class='ocrx_word' id='word_1_239' title='bbox 706 3772 796 3836; x_wconf 87' lang='lat' dir='ltr'>etiam</span> <span class='ocrx_word' id='word_1_240' title='bbox 816 3772 952 3837; x_wconf 91' lang='lat' dir='ltr'>definitio</span> <span class='ocrx_word' id='word_1_241' title='bbox 975 3773 1083 3852; x_wconf 64' lang='grc' dir='ltr'><em>λόγον,</em></span> <span class='ocrx_word' id='word_1_242' title='bbox 1106 3780 1194 3862; x_wconf 81' lang='lat' dir='ltr'>quod</span> 
     </span>
    </p>
   </div>
   <div class='ocr_carea' id='block_1_4' title="bbox 180 3890 1192 4099">
    <p class='ocr_par' dir='ltr' id='par_1_5' title="bbox 180 3890 1192 4099">
     <span class='ocr_line' id='line_1_30' title="bbox 180 3890 1192 3976; baseline 0 -16"><span class='ocrx_word' id='word_1_243' title='bbox 180 3895 213 3972; x_wconf 79' lang='grc' dir='ltr'>ἕξ</span> <span class='ocrx_word' id='word_1_244' title='bbox 238 3892 381 3970; x_wconf 81' lang='grc' dir='ltr'><em>θνομάτων</em></span> <span class='ocrx_word' id='word_1_245' title='bbox 405 3894 454 3958; x_wconf 77' lang='grc' dir='ltr'>καὶ</span> <span class='ocrx_word' id='word_1_246' title='bbox 482 3892 616 3972; x_wconf 77' lang='grc' dir='ltr'>Ιιἠμάτιον</span> <span class='ocrx_word' id='word_1_247' title='bbox 635 3890 801 3968; x_wconf 75' lang='grc' dir='ltr'><em>ξύγκειται,</em></span> <span class='ocrx_word' id='word_1_248' title='bbox 826 3891 983 3976; x_wconf 89' lang='lat' dir='ltr'>depromta</span> <span class='ocrx_word' id='word_1_249' title='bbox 1006 3899 1062 3956; x_wconf 87' lang='lat' dir='ltr'>est.</span> <span class='ocrx_word' id='word_1_250' title='bbox 1115 3897 1192 3963; x_wconf 89' lang='lat' dir='ltr'>Vid.</span> 
     </span>
     <span class='ocr_line' id='line_1_31' title="bbox 181 4009 1191 4099; baseline 0.002 -20"><span class='ocrx_word' id='word_1_251' title='bbox 181 4014 262 4079; x_wconf 83' lang='lat' dir='ltr'>Orat.</span> <span class='ocrx_word' id='word_1_252' title='bbox 278 4036 308 4099; x_wconf 91' lang='lat' dir='ltr'>p.</span> <span class='ocrx_word' id='word_1_253' title='bbox 322 4015 384 4076; x_wconf 80' lang='lat'>431</span> <span class='ocrx_word' id='word_1_254' title='bbox 402 4012 445 4075; x_wconf 87' lang='lat' dir='ltr'>B:</span> <span class='ocrx_word' id='word_1_255' title='bbox 469 4012 493 4075; x_wconf 79' lang='grc' dir='ltr'>εἰ</span> <span class='ocrx_word' id='word_1_256' title='bbox 510 4011 539 4074; x_wconf 72' lang='grc' dir='ltr'>δὲ</span> <span class='ocrx_word' id='word_1_257' title='bbox 554 4011 674 4090; x_wconf 74' lang='grc' dir='ltr'>Ιθνθματα</span> <span class='ocrx_word' id='word_1_258' title='bbox 689 4012 737 4074; x_wconf 77' lang='grc' dir='ltr'>καὶ</span> <span class='ocrx_word' id='word_1_259' title='bbox 753 4011 870 4087; x_wconf 80' lang='grc' dir='ltr'><em>ὀνόματ’</em></span> <span class='ocrx_word' id='word_1_260' title='bbox 882 4015 958 4075; x_wconf 89' lang='grc' dir='ltr'><em>ε’στιν</em></span> <span class='ocrx_word' id='word_1_261' title='bbox 972 4009 1044 4075; x_wconf 76' lang='grc' dir='ltr'><em>οὕτω</em></span> <span class='ocrx_word' id='word_1_262' title='bbox 1061 4016 1191 4092; x_wconf 83' lang='grc' dir='ltr'><em>τιθέναι,</em></span> 
     </span>
    </p>
   </div>
   <div class='ocr_carea' id='block_1_5' title="bbox 179 4125 1192 4212">
    <p class='ocr_par' dir='ltr' id='par_1_6' title="bbox 179 4125 1192 4212">
     <span class='ocr_line' id='line_1_32' title="bbox 179 4125 1192 4212; baseline 0.003 -14"><span class='ocrx_word' id='word_1_263' title='bbox 179 4134 295 4210; x_wconf 87' lang='grc' dir='ltr'><em>ἀνάγκη</em></span> <span class='ocrx_word' id='word_1_264' title='bbox 318 4136 366 4198; x_wconf 70' lang='grc' dir='ltr'>καὶ</span> <span class='ocrx_word' id='word_1_265' title='bbox 390 4133 515 4208; x_wconf 80' lang='grc' dir='ltr'><em>λόγους·</em></span> <span class='ocrx_word' id='word_1_266' title='bbox 540 4130 621 4207; x_wconf 76' lang='grc' dir='ltr'><em>λόγον</em></span> <span class='ocrx_word' id='word_1_267' title='bbox 644 4131 703 4209; x_wconf 79' lang='grc' dir='ltr'>γάρ</span> <span class='ocrx_word' id='word_1_268' title='bbox 727 4155 795 4207; x_wconf 85' lang='grc' dir='ltr'><em>τον,</em></span> <span class='ocrx_word' id='word_1_269' title='bbox 820 4133 856 4202; x_wconf 77' lang='grc' dir='ltr'>ὡς</span> <span class='ocrx_word' id='word_1_270' title='bbox 879 4125 1010 4212; x_wconf 72' lang='grc' dir='ltr'><em>ἐγῷμαι,</em></span> <span class='ocrx_word' id='word_1_271' title='bbox 1035 4133 1052 4204; x_wconf 79' lang='grc' dir='ltr'><em>η</em></span> <span class='ocrx_word' id='word_1_272' title='bbox 1078 4136 1192 4201; x_wconf 77' lang='grc' dir='ltr'><em>τούτων</em></span> 
     </span>
    </p>
   </div>
   <div class='ocr_carea' id='block_1_6' title="bbox 0 0 1378 4950">
    <p class='ocr_par' dir='ltr' id='par_1_7' title="bbox 0 0 1378 4950">
     <span class='ocr_line' id='line_1_33' title="bbox 0 0 1378 4950; baseline 0 2"><span class='ocrx_word' id='word_1_273' title='bbox 0 0 1378 4950; x_wconf 95' lang='lat' dir='ltr'> </span> 
     </span>
    </p>
   </div>
  </div>
 </body>
</html>
