2746 4950
653 381 711 442 147

182 582 252 648 dam
264 585 383 669 inepta,
400 585 570 649 cuiusmodi
584 593 632 649 est
647 585 748 648 hocce.
766 583 872 664 Quum
884 607 900 648 a
913 583 1060 669 Dionysio
1072 585 1182 649 iterum

181 703 213 766 in
233 702 367 768 Siciliam
381 711 506 768 vocatus
522 713 616 780 esset,
628 711 772 788 reputans
787 706 823 775 ὡς
839 703 915 769 οὐδὲν
929 705 1107 780 θαυμαστὸν,
1124 705 1182 769 νέον

181 819 322 903 ἄνθρωπον
338 822 539 903 παρακούοντα
553 821 639 898 ἀξίων
655 821 744 899 λόγον
759 822 954 901 πραγμάτων,
970 823 1098 903 εὐμαθῆ,
1115 822 1183 901 πρὸς

181 942 272 1020 ἔρωτα
291 943 381 1006 ἐλθεῖν
402 945 452 1007 τοῦ
468 916 722 1022 perstrenuus,
740 939 858 1003 censuit
873 937 929 1004 δεῖν
945 940 1017 1004 αὐτὸ
1029 938 1182 1017 ἐξελένξνιν

181 1065 286 1141 σαφῶς
291 1085 300 1136 3
325 1066 355 1123 et
374 1058 514 1143 deinceps
538 1066 640 1122 narrat
664 1058 784 1142 qualem
800 1066 901 1139 usipus
916 1056 954 1121 ad
969 1057 1108 1141 Dionysii
1124 1058 1185 1121 ani·

182 1199 266 1240 mum
283 1177 499 1262 explorandum
517 1177 702 1254 adhibuerit,
719 1200 749 1261 p.
767 1179 829 1240 339
843 1176 924 1260 Esq.
948 1176 1032 1239 Haec
1044 1175 1183 1259 equidem

182 1295 273 1360 credo
296 1297 400 1382 inepto
423 1297 524 1381 potius
546 1296 716 1381 magistello
739 1319 830 1379 quam
855 1296 981 1389 Platone
1004 1296 1096 1380 digna
1119 1318 1183 1359 esse

181 1414 331 1479 habenda.
362 1414 528 1500 Dionysius
547 1425 614 1480 tum
630 1417 748 1480 circiter
764 1415 890 1499 triginta
905 1437 1000 1478 annos
1012 1422 1103 1479 natus
1120 1422 1185 1479 erat

181 1540 213 1596 et
250 1555 303 1618 per
333 1533 468 1617 quinque
498 1555 592 1598 annos
622 1535 783 1619 imperium
812 1543 966 1610 tenuerat,
999 1555 1092 1616 quare
1122 1554 1184 1596 non

181 1674 317 1737 prorsus
333 1654 390 1725 νέος
417 1654 558 1733 ἄνθρωπος
581 1653 706 1738 apellari
728 1661 847 1738 poterat
854 1679 863 1731 3
888 1652 975 1716 Plato
998 1660 1096 1716 autem
1119 1652 1184 1715 eius

180 1771 340 1854 ingenium
368 1770 457 1853 quale
480 1778 558 1834 esset
578 1773 640 1856 jam
663 1770 781 1854 ahquot
803 1777 873 1834 ante
896 1770 982 1832 annis
1006 1748 1099 1854 probe
1121 1791 1186 1854 per·

182 1889 297 1972 spicere
328 1894 485 1974 pot-uerat,
516 1910 608 1972 quare
639 1888 803 1952 ridiculum
835 1896 898 1951 erat
921 1909 1039 1972 sperare
1054 1887 1185 1951 subitam

183 2006 315 2089 aliquam
345 2007 570 2070 conversionem
600 2008 631 2070 in
660 2029 696 2072 eo
726 2007 836 2069 factam
864 2028 943 2083 esse,
976 2005 1071 2090 magis
1094 2006 1183 2069 etiam

182 2125 335 2209 ineptum,
360 2124 476 2188 homiui
499 2147 534 2188 ea
556 2131 654 2188 aetate
677 2123 768 2187 talem
792 2124 1065 2206 adhiberemus,
1087 2123 1185 2207 qualis

182 2243 215 2306 in
232 2241 472 2306 adolescentibus
496 2241 687 2327 explorandis
702 2241 820 2306 utiliter
835 2242 956 2305 institui
975 2248 1085 2326 posset.
1113 2239 1184 2303 Non

182 2362 295 2425 mirum
329 2368 375 2425 est
408 2361 540 2425 evenisse
574 2361 655 2445 quod
688 2360 812 2438 accidit,
849 2360 1007 2424 Platonem
1031 2359 1132 2425 oleum
1155 2365 1186 2422 et

183 2502 305 2564 operam
329 2480 504 2565 perdidisse.
520 2480 543 2564 ¹)

228 2598 320 2678 Quod
350 2599 465 2671 attinet
483 2598 527 2662 vad
557 2582 683 2661 consilia
705 2598 829 2682 politica
851 2619 929 2681 quae
952 2597 1060 2660 Dionis
1083 2594 1186 2658 amicis

183 2718 334 2802 impertit,
358 2740 388 2802 p.
413 2719 475 2783 337
501 2717 530 2780 A
537 2766 556 2795 ,,
577 2739 629 2794 ea,
661 2723 812 2799 quat-enus
841 2738 902 2779 nou
926 2738 942 2779 e
965 2714 1050 2778 libris
1072 2712 1109 2777 de
1131 2711 1188 2776 Le·

182 2836 273 2921 gibus
296 2835 437 2900 desumto
459 2844 548 2914 sunt,
573 2835 645 2899 satis
669 2834 801 2898 ridicula
823 2834 899 2897 mihi
921 2833 1073 2896 videntur.
1096 2830 1138 2894 Et
1153 2852 1187 2894 ea

182 2955 308 3039 quidem
330 2977 407 3039 quae
430 2955 518 3018 initio
545 2955 707 3030 dicuntur,
734 2975 827 3016 novas
854 2952 935 3036 leges
962 2949 1099 3014 ferendas
1123 2972 1187 3012 esse

181 3073 275 3151 tales,
307 3095 385 3157 quae
414 3093 477 3136 non
508 3072 610 3135 minus
632 3071 797 3135 victoribus
821 3092 911 3153 quam
933 3069 1022 3131 victis
1046 3075 1186 3150 acceptae

183 3192 261 3268 sint,
289 3199 320 3254 st
334 3189 397 3253 duo
414 3212 478 3253 esse
494 3190 581 3273 quasi
597 3190 797 3252 instrumenta
813 3187 925 3271 quibus
941 3187 1013 3250 victi
1029 3185 1067 3248 ad
1083 3186 1185 3268 legum

183 3309 364 3393 obsequium
395 3307 507 3372 adduci
536 3308 668 3393 possint,
705 3307 773 3371 clici
807 3306 856 3370 ccl
890 3305 999 3389 φόβον,
1034 3304 1108 3367 haec
1137 3302 1188 3366 de-

217 3581 241 3642 1)
256 3579 337 3631 Etiam
354 3581 428 3630 Grote
444 3580 492 3640 XI,
510 3597 532 3646 p.
550 3578 662 3639 74-76,
680 3577 833 3644 reprehendit
847 3576 954 3626 Platonis
972 3574 1057 3638 agendi
1071 3572 1187 3622 rationem

183 3677 207 3724 in
223 3676 276 3726 aula
288 3676 397 3742 Dionysii
413 3681 438 3727 et
455 3677 552 3726 modum
569 3692 630 3740 quo,
642 3675 770 3724 secuudum
782 3672 916 3738 Epistolas‚
930 3676 1056 3735 tyrammm
1070 3669 1098 3719 ad
1110 3668 1188 3732 philo·

182 3771 289 3835 sophiam
307 3776 445 3822 convertere
463 3771 567 3821 studuit:
592 3772 657 3831 „But
676 3771 726 3820 still
746 3770 787 3819 the
807 3768 954 3834 experimere
973 3765 1049 3814 would
1058 3765 1117 3814 have
1128 3764 1187 3814 been

183 3865 244 3914 tried
260 3865 318 3915 with
336 3883 349 3916 a
372 3866 417 3916 fair
434 3865 521 3916 chance
538 3867 565 3915 oi
580 3882 685 3925 success,
706 3865 727 3914 if
740 3865 796 3929 only
813 3864 882 3912 Plato
900 3862 986 3926 during
1004 3860 1040 3909 his
1057 3859 1188 3909 shortlived

182 3960 292 4025 spiritual
309 3961 431 4026 authority
448 3969 472 4011 at
490 3961 617 4026 Syracuse,
636 3960 681 4009 had
698 3957 820 4008 messured
838 3974 903 4007 more
921 3954 1056 4019 accurately
1074 3954 1115 4003 the
1125 3969 1189 4018 prac-

182 4057 239 4106 ticsl
264 4057 379 4107 influeres
404 4057 482 4106 which
507 4073 520 4106 a
545 4056 698 4121 philosopher
714 4055 793 4118 might
808 4052 948 4116 reasonably
965 4052 1027 4115 hope
1044 4055 1069 4099 tc
1087 4049 1189 4098 exorciso

182 4167 241 4201 over
258 4152 413 4217 Dionysius.”
446 4152 500 4202 Vid.
519 4169 542 4217 p.
560 4152 600 4203 76.

1014 4239 1071 4302 10·
