2746 4950
729 365 747 424 6
789 451 793 460 .

251 553 252 557 ¹
281 571 391 634 Paucis
426 593 495 633 vero
530 571 616 633 annis
650 578 719 656 post
747 571 860 656 prodiit
882 558 958 635 liber
982 572 1079 649 Astii,
1103 571 1238 634 Platon's

236 689 341 754 Leben
363 689 428 753 und
451 688 601 753 Schriften
624 691 752 772 (1816),
776 691 807 752 in
831 712 893 774 quo
916 691 1032 754 sincera
1053 698 1083 754 et
1098 713 1240 775 germana

236 808 374 873 Platonis
405 809 517 892 scripta
547 831 565 871 a
594 808 812 872 commenticiis
844 814 875 872 et
904 808 987 872 falsis
1017 832 1171 873 secernere
1197 809 1240 873 in-

237 928 357 992 stituit..
395 927 454 991 Hic
477 927 631 1012 Epistulas
655 950 758 992 omnes
781 929 900 1013 spurias
920 929 1070 1014 judicavit
1077 955 1086 1007 3
1118 935 1239 992 tanturn

237 1046 340 1110 abesse
372 1045 477 1110 docuit
507 1054 542 1110 ut
572 1046 619 1110 vel
649 1047 786 1110 Platonis
818 1048 976 1131 ingenium
1005 1059 1035 1111 et
1058 1049 1238 1112 sententiam

237 1166 368 1229 referant
390 1166 437 1228 vel
460 1188 564 1229 verum
587 1189 687 1230 rerum
711 1175 865 1230 auctorem
890 1173 921 1231 et
936 1173 1045 1248 testem
1061 1168 1237 1246 ostendant,

237 1292 273 1349 ut
303 1284 404 1368 potius
428 1284 466 1348 ab
489 1285 554 1370 ejus
577 1291 695 1363 mente,
720 1287 888 1365 sententia,
912 1285 1047 1349 dictione
1070 1286 1237 1371 plurimum

237 1405 368 1482 distent,
400 1412 467 1467 tum
497 1404 602 1468 multis
633 1405 771 1489 partibus
794 1406 970 1469 contineant
992 1406 1080 1483 ficta,
1105 1406 1239 1484 insulsa,

236 1525 355 1608 inepta:
386 1545 464 1606 quae
494 1524 604 1608 passim
637 1525 781 1610 exemplis
813 1530 844 1588 et
874 1525 1059 1609 argumentis
1089 1524 1240 1590 declarare

237 1643 381 1707 instituit.
426 1642 529 1728 Hujus
552 1643 630 1707 liber
652 1651 773 1708 tantum
788 1644 898 1708 habuit
913 1644 1076 1722 momenti,
1094 1652 1130 1706 ut
1151 1644 1188 1709 ab
1204 1667 1239 1708 eo

236 1763 307 1827 inde
330 1771 465 1847 tempore
487 1785 598 1847 magna
620 1765 699 1828 facta
723 1765 762 1828 sit
785 1764 964 1849 opinionum
983 1763 1123 1827 mutatio.
1147 1762 1241 1826 Pleri-

238 1904 297 1965 que
326 1880 448 1945 Platoni
479 1860 631 1966 Epistolas
660 1882 833 1967 abjudicare
857 1887 1036 1966 coeperunt,
1060 1904 1116 1944 neo
1139 1888 1239 1945 tamen

237 2023 356 2064 omnem
390 2000 427 2063 iis
461 2007 612 2085 negarunt
645 2001 752 2078 fidem,
785 1999 837 2065 sed
860 2006 977 2084 partem
1001 2022 1104 2063 earum
1128 2000 1154 2063 si
1177 2023 1239 2064 non
1313 2080 1315 2088 .

237 2119 274 2183 ab
305 2119 370 2203 ipso
401 2119 546 2197 Platone,
578 2126 659 2184 certe
689 2119 726 2183 ab
750 2119 853 2203 aliquo
877 2120 941 2205 ejus
964 2119 1178 2197 familiarium,
1202 2127 1239 2183 ut

237 2238 423 2323 Speusippo,
448 2239 650 2324 conscriptam
672 2244 831 2324 putarunt.
866 2237 905 2301 In
928 2238 986 2301 hac
1010 2239 1161 2302 sententia
1181 2240 1241 2303 fuit

236 2356 403 2434 Sooherus,
435 2356 536 2421 Ueber
558 2356 684 2420 Platons
708 2356 859 2420 Schriften
882 2358 1003 2442 (1820),
1029 2381 1058 2442 p.
1089 2359 1153 2422 376
1174 2380 1238 2441 sqq.

237 2477 291 2560 qui
321 2475 474 2561 Epistulas
503 2476 541 2539 ad
564 2476 763 2561 Dionysium,
796 2476 834 2539 ad
863 2476 993 2540 Dionem
1018 2484 1048 2540 et
1070 2477 1109 2540 ad
1132 2478 1240 2542 Dionis

236 2594 416 2672 familiares,
441 2593 472 2658 lr.
497 2618 522 2658 e.
547 2593 666 2672 I-IV,
690 2593 771 2672 VII,
797 2593 895 2673 VIII,
912 2593 1012 2672 XIII,
1029 2595 1166 2660 Platonis
1183 2598 1242 2661 dis-

237 2713 409 2797 cipulorum
432 2713 524 2777 alicui
546 2713 671 2791 tribuit,
696 2722 810 2777 ceteras
834 2713 959 2777 seriores
983 2713 1077 2778 ducit.
1112 2714 1150 2778 In
1174 2738 1241 2779 ean·

237 2834 306 2897 dem
328 2832 507 2896 sententiam
531 2832 607 2897 abiit
636 2831 796 2910 Salomon,
820 2831 867 2896 De
897 2832 1017 2896 Platon.
1042 2855 1120 2916 quae
1146 2834 1239 2920 vulgo

236 2952 377 3015 feruntur
392 2950 470 3036 Epp.
487 2951 519 3014 in
539 2950 725 3036 Programm.
747 2950 857 3036 Gymu.
874 2950 974 3014 Berol.
993 2953 1087 3015 1835.
1105 2976 1134 3036 p.
1150 2955 1201 3016 16.
1217 2954 1241 3037 Ι)

281 3069 351 3132 Jam
388 3092 423 3133 eo
458 3077 583 3133 ventum
624 3076 689 3134 erat
727 3076 763 3133 ut
797 3069 943 3154 epistolae
977 3069 1048 3133 illae
1082 3070 1241 3134 subtiliore

237 3165 354 3252 trutina
384 3188 571 3252 examinatae
601 3188 633 3252 in
661 3188 770 3252 classes
799 3188 947 3272 ¹quasdam
983 3189 1239 3254 distribuerentur

237 3306 439 3392 praestantiae
469 3305 567 3391 gradu
599 3312 630 3369 et
659 3312 811 3369 vetustate
841 3306 986 3391 dispares.
1033 3304 1126 3386 Quod
1157 3316 1241 3392 prae·

237 3432 328 3489 eunte
359 3423 489 3488 Soohero
521 3424 618 3489 facere
649 3425 850 3489 instituerunt
881 3425 1025 3489 Salomon
1050 3424 1083 3488 in
1107 3425 1242 3511 disputa-

236 3545 319 3608 tione
349 3543 441 3607 modo
463 3544 588 3608 laudata
614 3551 645 3608 et
667 3543 860 3608 Hermannus
883 3545 916 3608 in
939 3567 1045 3629 opere:
1071 3543 1181 3608 Gesch.
1206 3569 1236 3608 u.

237 3663 317 3747 Syst.
356 3661 410 3725 der
446 3662 566 3725 Platon.
598 3661 675 3747 phil.
698 3685 728 3748 p.
754 3665 818 3725 423
843 3685 887 3746 sq.
912 3663 947 3745 2).
984 3661 1097 3726 Cuncti
1120 3663 1153 3726 iu
1184 3664 1243 3727 hoc

270 3860 294 3916 1)
312 3860 350 3909 uf.
368 3838 466 3909 censura
489 3859 560 3923 hujus
583 3858 757 3910 dissertationis
773 3859 799 3908 in
817 3859 880 3909 Berl.
897 3858 980 3909 Jahrb.
1000 3860 1078 3919 1835,
1096 3861 1130 3909 II.
1148 3877 1172 3925 p.
1189 3862 1238 3910 452

236 3970 270 4018 sq.
297 3970 368 4017 quarn
393 3955 488 4018 scripsit
511 3955 651 4014 Boumann;
674 3959 698 4004 et
713 3954 740 4003 in
759 3954 860 4004 Zeitsch.
879 3955 895 4003 f.
912 3954 1016 4005 Alterth.
1032 3955 1103 4005 Wiss.
1122 3955 1198 4015 1837,
1217 3973 1241 4023 p.

236 4047 299 4108 274,
316 4052 413 4098 auctore
431 4049 575 4100 Hermanno.

268 4144 293 4206 2)
309 4146 373 4193 Ante
389 4144 433 4194 hos
455 4146 552 4195 eandem
569 4145 730 4211 quaestionem
749 4144 863 4194 tractarit
879 4144 1006 4210 uirgine,
1022 4146 1082 4209 Epp.
1099 4161 1158 4210 qnae
1175 4146 1238 4197 Plat.
