2746 4950
658 363 699 422 90

177 568 222 631 Ut
245 568 462 644 concedamus,
491 567 541 630 oui
564 567 641 630 nihil
665 566 782 644 obstat,
808 566 965 630 Platonem
989 567 1022 631 in
1047 568 1190 652 epistolis

179 688 217 751 ad
239 686 401 750 familiares
424 683 608 750 formularii
630 685 767 765 πράσσειν
791 708 881 748 usum
905 705 985 763 esse,
1011 686 1062 750 cui
1088 694 1190 752 tamen

178 828 239 868 nou
263 805 417 869 inficetum
441 811 471 868 et
494 804 638 889 putidum
661 803 808 881 videatur,
835 804 982 888 principio
1007 805 1189 892 epistolaee

180 925 234 989 tali
269 923 422 989 salutandi
457 922 588 986 formula
618 923 805 986 occasionem
837 930 939 1009 petere
962 923 1000 987 de
1024 923 1138 989 decoro
1159 932 1188 988 et

178 1045 306 1108 honesto
336 1050 496 1128 praecepta
525 1042 640 1106 dandi?
686 1041 779 1121 Quod
805 1065 876 1106 vero
900 1043 1086 1127 Dionysium
1111 1045 1186 1108 vitu·

176 1170 278 1247 porat,
312 1161 394 1246 quod
425 1160 610 1246 Delphicum
635 1160 727 1224 deum
750 1161 841 1224 verbo
864 1163 976 1241 χαίρειν
999 1162 1184 1246 compellare

178 1304 270 1344 ausus
294 1289 387 1358 esset,
412 1281 481 1365 quis
505 1279 601 1343 nescit
624 1279 702 1342 illud
724 1287 812 1359 χαῖρε
835 1285 987 1364 receptam
1009 1280 1108 1344 fuisse
1130 1281 1186 1344 lor-

178 1399 308 1476 mulam,
326 1421 388 1482 qua
403 1398 486 1461 soliti
502 1404 602 1460 essent
617 1396 688 1460 deos
705 1396 857 1460 salutare?
879 1395 943 1473 Ita,
961 1405 997 1460 ut
1012 1397 1186 1483 exemplum

178 1518 316 1596 afferam,
343 1518 377 1581 in
400 1517 563 1580 Homerico
586 1515 709 1600 Hymno
733 1516 766 1579 in
788 1516 890 1600 Apoll.
915 1538 959 1579 vs.
987 1518 1047 1579 ll:
1078 1526 1185 1599 χαῖρε,

177 1638 299 1718 μάκαιρ’
326 1631 347 1700 ὦ
377 1643 478 1711 Λητοῖ.
525 1635 667 1699 Cratinus
697 1636 728 1699 in
759 1635 907 1700 Meinekii
936 1636 1044 1720 fragm.
1070 1637 1187 1702 Comic.

178 1778 208 1840 p.
235 1756 311 1817 194:
336 1753 393 1819 εὔιε
415 1738 582 1834 κισσόχαιτ’
604 1753 681 1829 ίίναξ
695 1754 835 1837 (Διόνυσε)
850 1760 948 1834 χαῖρε.
978 1753 1188 1820 Callimachus

177 1871 291 1957 Hymn.
323 1873 356 1936 in
385 1872 453 1936 Jov.
487 1874 545 1935 91:
577 1879 665 1952 χαῖρε
692 1871 790 1949 μέγα,
820 1872 933 1951 Κρονίδα
957 1873 1187 1952 aaronem,

177 1991 260 2070 δῶτορ
291 1989 372 2056 ἐνίων.
419 1988 504 2070 Quid
528 1989 640 2074 plura?
676 1989 870 2053 Prooemium
893 1989 967 2067 hoc,
992 2011 1041 2053 me
1062 1982 1188 2075 judice,

177 2132 240 2174 non
262 2111 430 2195 elegantem
455 2117 485 2173 et
509 2109 659 2173 urbanum
675 2109 866 2194 scriptorem,
891 2132 953 2172 non
968 2111 1188 2178 Ἀσσιαοίτοισον

177 2229 430 2313 philosophorum
444 2226 574 2305 redolet,
592 2226 645 2290 sed
660 2227 763 2311 potius
780 2234 970 2311 arrogantem
985 2228 1187 2312 magistrum,

62 2416 69 2422 ,
176 2346 356 2429 οίρεσααίγον
374 2346 597 2432 aliquem‚4qui
616 2345 720 2430 inepto
739 2345 806 2409 loco
822 2345 974 2409 inculcare
990 2345 1089 2410 voluit
1105 2369 1188 2432 quae

177 2465 290 2530 alicubi
320 2465 402 2551 apud
431 2465 592 2529 Platonem
615 2464 748 2549 legisset.
795 2464 993 2528 Manifestum
1016 2471 1062 2528 est
1085 2465 1189 2532 efficta

175 2585 249 2648 haee
272 2608 336 2649 esse
360 2608 375 2648 e
399 2583 563 2649 Charmide
570 2633 580 2662 ,
603 2606 632 2668 p.
659 2586 722 2646 164
743 2582 864 2661 D,·ubi
885 2582 974 2646 Plato
995 2583 1130 2667 loquens
1149 2586 1188 2651 de

176 2710 336 2788 praecepto
367 2702 517 2787 Delphico
547 2703 630 2779 χνῶίι
661 2702 781 2767 σεαιισδν
811 2701 901 2765 dicit:
933 2704 1009 2768 τοῦθ’
1039 2701 1113 2767 οὕτω
1138 2728 1188 2783 μοι

176 2823 305 2886 δοκεῖτὸ
328 2821 457 2902 χροίρομα
480 2823 646 2887 ἀνακεῖσθαι
653 2872 661 2903 ,
686 2823 721 2893 ὡς
746 2821 778 2896 δὴ
802 2820 951 2901 σρίσρασις
967 2818 1039 2912 οὖσα
1053 2827 1104 2886 τοῦ
1122 2824 1187 2890 θεοῦ

176 2947 232 3006 τῶν
250 2940 389 3005 εἰσιόντων
405 2942 470 3005 οίνσί
490 2947 540 3005 τοῦ
559 2947 684 3022 χαῖρε,
703 2943 740 3011 ὡς
759 2940 860 3005 τούτου
879 2941 933 3017 μὲν
948 2943 998 3005 οὐκ
1012 2941 1088 3020 ίρίοῖι
1104 2941 1186 3016 ὄντος

176 3066 226 3124 τοῦ
249 3061 467 3140 προσρήματα,
490 3065 541 3124 τοῦ
563 3059 719 3140 χαίρειν,
738 3059 799 3124 οὐδὲ
819 3059 875 3123 δεῖν
896 3065 979 3124 τοῦτο
998 3063 1187 3138 σαραιιελεί

177 3181 256 3243 εσίοιι
279 3180 442 3254 candacae,
463 3181 546 3244 οίλλοί
569 3186 771 3262 σωφρονεῖν.
807 3179 906 3262 quue
922 3186 1074 3262 σωφρονεῖν
1089 3182 1187 3265 paulo

175 3306 246 3383 post
269 3297 403 3360 ostendit
425 3297 505 3361 idem
529 3320 593 3361 esse
616 3307 708 3381 atque
728 3295 759 3363 εὖ
779 3297 917 3377 σροίτσειν
936 3299 1013 3381 (172
1030 3299 1081 3382 A).
1110 3299 1188 3365 Pro-

176 3416 276 3480 babile
299 3416 370 3480 hinc
392 3416 489 3500 ipsam
508 3416 592 3480 illam
609 3416 825 3480 salutationem
842 3417 965 3480 fluxisse
981 3428 1012 3480 et
1026 3440 1081 3502 per
1097 3419 1189 3485 fictas
1220 3506 1223 3513 Ι

178 3535 320 3619 epistolas
340 3535 449 3599 deinde
469 3558 523 3620 pro
542 3535 700 3599 Platonica
718 3535 912 3599 vendidatam
934 3558 968 3599 ac
984 3545 1189 3621 propagatam

177 3678 252 3719 esse.
287 3654 376 3719 Certe
399 3654 531 3719 Luciani
553 3654 762 3719 testimouium
784 3655 855 3739 (Pro
878 3656 967 3740 lapsu
989 3656 1068 3719 inter
1092 3658 1188 3725 salut.

72 3779 74 3783 ’
178 3797 203 3837 c.
235 3762 285 3857 tl),
331 3773 490 3838 Platonem
521 3774 681 3838 formulam
713 3775 745 3839 τὸ
776 3772 887 3855 χαίρειν
917 3773 1113 3859 reprobasse,
1148 3780 1188 3851 ὡς

176 3892 318 3972 μοχθηρὸν
348 3890 376 3956 ὃν
405 3892 454 3955 καί
485 3893 562 3957 οὐδὲν
591 3893 742 3958 σπουδαῖον
772 3894 932 3974 ἐμφαῖνον,
967 3916 1005 3956 ex
1034 3893 1187 3978 Epistolis

176 4011 315 4088 fluxisse,
341 4019 464 4096 apparet
487 4013 641 4095 exipsius
664 4011 779 4076 verbis:
804 4011 853 4075 καί
878 4010 1055 4076 ἐπιστέλλων
1079 4038 1119 4090 χε
1140 4019 1185 4096 τῷ

177 4131 312 4212 Διονυσίῳ
328 4131 457 4198 αίτιοῖσαι
473 4130 574 4214 αὐτὸν,
591 4129 633 4197 ὅτι
648 4181 690 4197 ...
713 4131 856 4212 χαίρειν
871 4131 918 4195 τὸν
933 4131 992 4196 tau
1009 4140 1183 4213 προσεῖπεν,
