<?xml version="1.0" encoding="UTF-8"?>
<!DOCTYPE html PUBLIC "-//W3C//DTD XHTML 1.0 Transitional//EN"
    "http://www.w3.org/TR/xhtml1/DTD/xhtml1-transitional.dtd">
<html xmlns="http://www.w3.org/1999/xhtml" xml:lang="en" lang="en">
 <head>
  <title>
</title>
<meta http-equiv="Content-Type" content="text/html;charset=utf-8" />
  <meta name='ocr-system' content='tesseract 3.04.00' />
  <meta name='ocr-capabilities' content='ocr_page ocr_carea ocr_par ocr_line ocrx_word'/>
</head>
<body>
  <div class='ocr_page' id='page_1' title='image "./commentatiocrit00karsgoog_0162.png"; bbox 0 0 2746 4950; ppageno 0'>
   <div class='ocr_carea' id='block_1_1' title="bbox 655 366 712 425">
    <p class='ocr_par' dir='ltr' id='par_1_1' title="bbox 655 366 712 425">
     <span class='ocr_line' id='line_1_1' title="bbox 655 366 712 425; baseline 0 -1"><span class='ocrx_word' id='word_1_1' title='bbox 655 366 712 425; x_wconf 79' lang='grc'><strong>133</strong></span> 
     </span>
    </p>
   </div>
   <div class='ocr_carea' id='block_1_2' title="bbox 185 569 1189 1122">
    <p class='ocr_par' dir='ltr' id='par_1_2' title="bbox 185 569 1189 1122">
     <span class='ocr_line' id='line_1_2' title="bbox 185 569 1188 655; baseline 0.004 -25"><span class='ocrx_word' id='word_1_2' title='bbox 185 569 350 633; x_wconf 82' lang='lat' dir='ltr'><strong>Tarentum</strong></span> <span class='ocrx_word' id='word_1_3' title='bbox 374 570 470 647; x_wconf 91' lang='lat' dir='ltr'><strong>adire,</strong></span> <span class='ocrx_word' id='word_1_4' title='bbox 495 571 548 635; x_wconf 93' lang='lat' dir='ltr'><strong>nbi</strong></span> <span class='ocrx_word' id='word_1_5' title='bbox 579 580 642 635; x_wconf 92' lang='lat' dir='ltr'><strong>tum</strong></span> <span class='ocrx_word' id='word_1_6' title='bbox 669 573 848 636; x_wconf 84' lang='lat' dir='ltr'><strong>auctoritate</strong></span> <span class='ocrx_word' id='word_1_7' title='bbox 872 572 998 636; x_wconf 89' lang='lat' dir='ltr'><strong>florebat</strong></span> <span class='ocrx_word' id='word_1_8' title='bbox 1021 572 1188 655; x_wconf 83' lang='lat' dir='ltr'><strong>Archytas,</strong></span> 
     </span>
     <span class='ocr_line' id='line_1_3' title="bbox 187 688 1188 775; baseline 0.005 -26"><span class='ocrx_word' id='word_1_9' title='bbox 187 688 386 772; x_wconf 91' lang='lat' dir='ltr'><strong>philosophus</strong></span> <span class='ocrx_word' id='word_1_10' title='bbox 409 689 550 773; x_wconf 82' lang='lat' dir='ltr'><strong>idemque</strong></span> <span class='ocrx_word' id='word_1_11' title='bbox 573 691 735 775; x_wconf 89' lang='lat' dir='ltr'><strong>imperator</strong></span> <span class='ocrx_word' id='word_1_12' title='bbox 758 691 875 767; x_wconf 88' lang='lat' dir='ltr'><strong>clarus,</strong></span> <span class='ocrx_word' id='word_1_13' title='bbox 910 691 939 754; x_wconf 90' lang='lat' dir='ltr'><strong>in</strong></span> <span class='ocrx_word' id='word_1_14' title='bbox 977 714 1035 774; x_wconf 93' lang='lat' dir='ltr'><strong>qna</strong></span> <span class='ocrx_word' id='word_1_15' title='bbox 1068 690 1188 754; x_wconf 86' lang='lat' dir='ltr'><strong>civitate</strong></span> 
     </span>
     <span class='ocr_line' id='line_1_4' title="bbox 185 807 1189 893; baseline 0.004 -25"><span class='ocrx_word' id='word_1_16' title='bbox 185 807 345 890; x_wconf 88' lang='lat' dir='ltr'><strong>reperisset</strong></span> <span class='ocrx_word' id='word_1_17' title='bbox 375 808 501 871; x_wconf 82' lang='lat' dir='ltr'><strong>forsitan</strong></span> <span class='ocrx_word' id='word_1_18' title='bbox 535 808 565 870; x_wconf 94' lang='lat' dir='ltr'><strong>id</strong></span> <span class='ocrx_word' id='word_1_19' title='bbox 598 809 680 891; x_wconf 90' lang='lat' dir='ltr'><strong>qnod</strong></span> <span class='ocrx_word' id='word_1_20' title='bbox 716 809 888 893; x_wconf 88' lang='lat' dir='ltr'><strong>quaerebat.</strong></span> <span class='ocrx_word' id='word_1_21' title='bbox 935 809 993 872; x_wconf 89' lang='lat' dir='ltr'><strong>Sed</strong></span> <span class='ocrx_word' id='word_1_22' title='bbox 1028 832 1097 873; x_wconf 90' lang='lat' dir='ltr'><strong>cnm</strong></span> <span class='ocrx_word' id='word_1_23' title='bbox 1133 809 1189 872; x_wconf 90' lang='lat' dir='ltr'><strong>hac</strong></span> 
     </span>
     <span class='ocr_line' id='line_1_5' title="bbox 187 925 1189 1012; baseline 0.003 -25"><span class='ocrx_word' id='word_1_24' title='bbox 187 925 320 1009; x_wconf 86' lang='lat' dir='ltr'><strong>suscepti</strong></span> <span class='ocrx_word' id='word_1_25' title='bbox 350 925 466 989; x_wconf 89' lang='lat' dir='ltr'><strong>itineris</strong></span> <span class='ocrx_word' id='word_1_26' title='bbox 493 927 612 990; x_wconf 89' lang='lat' dir='ltr'><strong>ratione</strong></span> <span class='ocrx_word' id='word_1_27' title='bbox 643 949 704 991; x_wconf 90' lang='lat' dir='ltr'><strong>non</strong></span> <span class='ocrx_word' id='word_1_28' title='bbox 728 927 861 991; x_wconf 78' lang='lat' dir='ltr'><strong>concinit</strong></span> <span class='ocrx_word' id='word_1_29' title='bbox 888 927 970 1010; x_wconf 92' lang='lat' dir='ltr'><strong>quod</strong></span> <span class='ocrx_word' id='word_1_30' title='bbox 998 928 1089 1012; x_wconf 87' lang='lat' dir='ltr'><strong>vulgo</strong></span> <span class='ocrx_word' id='word_1_31' title='bbox 1116 928 1189 990; x_wconf 87' lang='lat' dir='ltr'><strong>rela-</strong></span> 
     </span>
     <span class='ocr_line' id='line_1_6' title="bbox 187 1029 1188 1122; baseline 0.004 -16"><span class='ocrx_word' id='word_1_32' title='bbox 187 1057 251 1107; x_wconf 88' lang='lat' dir='ltr'><strong>tum</strong></span> <span class='ocrx_word' id='word_1_33' title='bbox 282 1051 343 1122; x_wconf 91' lang='lat' dir='ltr'><strong>est,</strong></span> <span class='ocrx_word' id='word_1_34' title='bbox 373 1029 531 1109; x_wconf 76' lang='lat' dir='ltr'>Platonem</span> <span class='ocrx_word' id='word_1_35' title='bbox 560 1045 728 1109; x_wconf 89' lang='lat' dir='ltr'><strong>discendi</strong></span> <span class='ocrx_word' id='word_1_36' title='bbox 757 1069 849 1109; x_wconf 88' lang='lat' dir='ltr'><strong>causa</strong></span> <span class='ocrx_word' id='word_1_37' title='bbox 872 1047 903 1108; x_wconf 93' lang='lat' dir='ltr'><strong>in</strong></span> <span class='ocrx_word' id='word_1_38' title='bbox 926 1046 1047 1110; x_wconf 88' lang='lat' dir='ltr'><strong>Italiam</strong></span> <span class='ocrx_word' id='word_1_39' title='bbox 1072 1047 1188 1111; x_wconf 91' lang='lat' dir='ltr'><strong>venisse</strong></span> 
     </span>
    </p>
   </div>
   <div class='ocr_carea' id='block_1_3' title="bbox 189 1162 1189 1268">
    <p class='ocr_par' dir='ltr' id='par_1_3' title="bbox 189 1162 1189 1268">
     <span class='ocr_line' id='line_1_7' title="bbox 189 1162 1189 1268; baseline 0.001 -43"><span class='ocrx_word' id='word_1_40' title='bbox 189 1170 219 1225; x_wconf 91' lang='lat' dir='ltr'><strong>et</strong></span> <span class='ocrx_word' id='word_1_41' title='bbox 237 1162 403 1227; x_wconf 75' lang='lat' dir='ltr'><strong>Tarentum</strong></span> <span class='ocrx_word' id='word_1_42' title='bbox 423 1163 549 1242; x_wconf 86' lang='lat' dir='ltr'><strong>adiisse,</strong></span> <span class='ocrx_word' id='word_1_43' title='bbox 575 1172 609 1227; x_wconf 90' lang='lat' dir='ltr'><strong>nt</strong></span> <span class='ocrx_word' id='word_1_44' title='bbox 632 1164 891 1249; x_wconf 72' lang='lat' dir='ltr'><strong>Pythagoreorum</strong></span> <span class='ocrx_word' id='word_1_45' title='bbox 914 1165 1057 1268; x_wconf 78' lang='lat' dir='ltr'><strong>instituta</strong></span> <span class='ocrx_word' id='word_1_46' title='bbox 1079 1187 1189 1247; x_wconf 86' lang='lat' dir='ltr'><strong>cogno-</strong></span> 
     </span>
    </p>
   </div>
   <div class='ocr_carea' id='block_1_4' title="bbox 180 1281 1243 3744">
    <p class='ocr_par' dir='ltr' id='par_1_4' title="bbox 180 1281 1243 3744">
     <span class='ocr_line' id='line_1_8' title="bbox 187 1281 1188 1367; baseline 0.002 -24"><span class='ocrx_word' id='word_1_47' title='bbox 187 1289 298 1346; x_wconf 89' lang='lat' dir='ltr'><strong>sceret:</strong></span> <span class='ocrx_word' id='word_1_48' title='bbox 331 1281 414 1365; x_wconf 91' lang='lat' dir='ltr'><strong>quod</strong></span> <span class='ocrx_word' id='word_1_49' title='bbox 445 1306 516 1346; x_wconf 90' lang='lat' dir='ltr'><strong>sane</strong></span> <span class='ocrx_word' id='word_1_50' title='bbox 539 1283 636 1346; x_wconf 91' lang='lat' dir='ltr'><strong>multo</strong></span> <span class='ocrx_word' id='word_1_51' title='bbox 661 1294 690 1346; x_wconf 86' lang='lat' dir='ltr'><strong>et</strong></span> <span class='ocrx_word' id='word_1_52' title='bbox 713 1282 900 1367; x_wconf 87' lang='lat' dir='ltr'><strong>probabilius</strong></span> <span class='ocrx_word' id='word_1_53' title='bbox 924 1290 953 1345; x_wconf 90' lang='lat' dir='ltr'><strong>et</strong></span> <span class='ocrx_word' id='word_1_54' title='bbox 978 1282 1100 1366; x_wconf 85' lang='lat' dir='ltr'><strong>dignius</strong></span> <span class='ocrx_word' id='word_1_55' title='bbox 1124 1283 1188 1366; x_wconf 89' lang='lat' dir='ltr'><strong>phi-</strong></span> 
     </span>
     <span class='ocr_line' id='line_1_9' title="bbox 187 1376 1188 1485; baseline 0.003 -24"><span class='ocrx_word' id='word_1_56' title='bbox 187 1399 314 1485; x_wconf 92' lang='lat' dir='ltr'><strong>losopho</strong></span> <span class='ocrx_word' id='word_1_57' title='bbox 342 1423 433 1484; x_wconf 88' lang='lat' dir='ltr'><strong>qnam</strong></span> <span class='ocrx_word' id='word_1_58' title='bbox 457 1403 572 1485; x_wconf 77' lang='lat' dir='ltr'><strong>patriae</strong></span> <span class='ocrx_word' id='word_1_59' title='bbox 594 1402 695 1465; x_wconf 88' lang='lat' dir='ltr'><strong>taedio</strong></span> <span class='ocrx_word' id='word_1_60' title='bbox 718 1402 751 1464; x_wconf 93' lang='lat' dir='ltr'><strong>in</strong></span> <span class='ocrx_word' id='word_1_61' title='bbox 767 1401 888 1465; x_wconf 86' lang='lat' dir='ltr'><strong>ltaliam</strong></span> <span class='ocrx_word' id='word_1_62' title='bbox 904 1424 973 1465; x_wconf 90' lang='lat' dir='ltr'><strong>eum</strong></span> <span class='ocrx_word' id='word_1_63' title='bbox 994 1376 1147 1485; x_wconf 85' lang='lat' dir='ltr'><strong>migrasse.</strong></span> <span class='ocrx_word' id='word_1_64' title='bbox 1164 1403 1188 1484; x_wconf 86' lang='lat'><strong>¹)</strong></span> 
     </span>
     <span class='ocr_line' id='line_1_10' title="bbox 189 1517 1243 1607; baseline 0.004 -28"><span class='ocrx_word' id='word_1_65' title='bbox 189 1517 343 1601; x_wconf 79' lang='lat' dir='ltr'><strong>Epistolae</strong></span> <span class='ocrx_word' id='word_1_66' title='bbox 375 1520 503 1604; x_wconf 84' lang='lat' dir='ltr'><strong>scriptor</strong></span> <span class='ocrx_word' id='word_1_67' title='bbox 525 1520 556 1583; x_wconf 94' lang='lat' dir='ltr'><strong>id</strong></span> <span class='ocrx_word' id='word_1_68' title='bbox 577 1527 630 1582; x_wconf 88' lang='lat' dir='ltr'><strong>aut</strong></span> <span class='ocrx_word' id='word_1_69' title='bbox 653 1520 806 1604; x_wconf 85' lang='lat' dir='ltr'><strong>ignorasse</strong></span> <span class='ocrx_word' id='word_1_70' title='bbox 828 1519 949 1584; x_wconf 90' lang='lat' dir='ltr'><strong>videtur</strong></span> <span class='ocrx_word' id='word_1_71' title='bbox 972 1527 1039 1598; x_wconf 89' lang='lat' dir='ltr'><strong>ant,</strong></span> <span class='ocrx_word' id='word_1_72' title='bbox 1065 1531 1100 1583; x_wconf 86' lang='lat' dir='ltr'><strong>nt</strong></span> <span class='ocrx_word' id='word_1_73' title='bbox 1122 1543 1188 1604; x_wconf 92' lang='lat' dir='ltr'><strong>pro·</strong></span> <span class='ocrx_word' id='word_1_74' title='bbox 1240 1602 1243 1607; x_wconf 14' lang='lat'>⁸</span> 
     </span>
     <span class='ocr_line' id='line_1_11' title="bbox 188 1612 1029 1720; baseline 0.004 -21"><span class='ocrx_word' id='word_1_75' title='bbox 188 1612 285 1720; x_wconf 91' lang='lat' dir='ltr'><strong>posito</strong></span> <span class='ocrx_word' id='word_1_76' title='bbox 306 1641 370 1701; x_wconf 90' lang='lat' dir='ltr'><strong>suo</strong></span> <span class='ocrx_word' id='word_1_77' title='bbox 384 1638 485 1702; x_wconf 90' lang='lat' dir='ltr'><strong>minus</strong></span> <span class='ocrx_word' id='word_1_78' title='bbox 509 1638 788 1716; x_wconf 89' lang='lat' dir='ltr'><strong>accommodatum,</strong></span> <span class='ocrx_word' id='word_1_79' title='bbox 813 1638 1029 1702; x_wconf 86' lang='lat' dir='ltr'><strong>dissimulasse.</strong></span> 
     </span>
     <span class='ocr_line' id='line_1_12' title="bbox 228 1755 1186 1841; baseline 0.002 -23"><span class='ocrx_word' id='word_1_80' title='bbox 228 1756 385 1819; x_wconf 82' lang='lat' dir='ltr'><strong>Frustrata</strong></span> <span class='ocrx_word' id='word_1_81' title='bbox 407 1779 477 1841; x_wconf 91' lang='lat' dir='ltr'><strong>spe,</strong></span> <span class='ocrx_word' id='word_1_82' title='bbox 502 1779 538 1820; x_wconf 85' lang='lat' dir='ltr'><strong>ex</strong></span> <span class='ocrx_word' id='word_1_83' title='bbox 564 1755 655 1820; x_wconf 88' lang='lat' dir='ltr'><strong>Italia</strong></span> <span class='ocrx_word' id='word_1_84' title='bbox 678 1756 801 1820; x_wconf 87' lang='lat' dir='ltr'><strong>divertit</strong></span> <span class='ocrx_word' id='word_1_85' title='bbox 823 1755 1002 1839; x_wconf 85' lang='lat' dir='ltr'><strong>Syracusas,</strong></span> <span class='ocrx_word' id='word_1_86' title='bbox 1034 1755 1100 1828; x_wconf 79' lang='grc' dir='ltr'><em>ἴσως</em></span> <span class='ocrx_word' id='word_1_87' title='bbox 1131 1758 1186 1834; x_wconf 83' lang='grc' dir='ltr'><strong>μὲν</strong></span> 
     </span>
     <span class='ocr_line' id='line_1_13' title="bbox 185 1874 1243 1960; baseline 0 -23"><span class='ocrx_word' id='word_1_88' title='bbox 185 1877 264 1939; x_wconf 72' lang='lat' dir='ltr'><strong>rard</strong></span> <span class='ocrx_word' id='word_1_89' title='bbox 279 1875 393 1954; x_wconf 74' lang='grc' dir='ltr'><em>τύχην,</em></span> <span class='ocrx_word' id='word_1_90' title='bbox 418 1874 487 1953; x_wconf 90' lang='lat' dir='ltr'><strong>sed,</strong></span> <span class='ocrx_word' id='word_1_91' title='bbox 503 1882 541 1938; x_wconf 93' lang='lat' dir='ltr'><strong>ut</strong></span> <span class='ocrx_word' id='word_1_92' title='bbox 562 1882 667 1960; x_wconf 89' lang='lat' dir='ltr'><strong>postea</strong></span> <span class='ocrx_word' id='word_1_93' title='bbox 690 1875 849 1958; x_wconf 90' lang='lat' dir='ltr'><strong>apparuit,</strong></span> <span class='ocrx_word' id='word_1_94' title='bbox 863 1874 958 1937; x_wconf 92' lang='lat' dir='ltr'><strong>divini</strong></span> <span class='ocrx_word' id='word_1_95' title='bbox 969 1875 1104 1938; x_wconf 88' lang='lat' dir='ltr'><strong>numinis</strong></span> <span class='ocrx_word' id='word_1_96' title='bbox 1120 1877 1185 1958; x_wconf 79' lang='grc' dir='ltr'><strong>(τῶν</strong></span> <span class='ocrx_word' id='word_1_97' title='bbox 1242 1924 1243 1927; x_wconf 20' lang='lat'>¹</span> 
     </span>
     <span class='ocr_line' id='line_1_14' title="bbox 182 1993 1185 2078; baseline -0.001 -21"><span class='ocrx_word' id='word_1_98' title='bbox 182 1993 342 2073; x_wconf 72' lang='grc' dir='ltr'><em>κρειττόνων</em></span> <span class='ocrx_word' id='word_1_99' title='bbox 356 1993 442 2077; x_wconf 75' lang='grc' dir='ltr'><em>τινὸς)</em></span> <span class='ocrx_word' id='word_1_100' title='bbox 466 1994 671 2078; x_wconf 84' lang='lat' dir='ltr'><strong>providentia,</strong></span> <span class='ocrx_word' id='word_1_101' title='bbox 696 2003 731 2056; x_wconf 91' lang='lat' dir='ltr'><strong>ut</strong></span> <span class='ocrx_word' id='word_1_102' title='bbox 742 1995 806 2078; x_wconf 89' lang='lat' dir='ltr'><strong>ipse</strong></span> <span class='ocrx_word' id='word_1_103' title='bbox 822 1993 897 2057; x_wconf 86' lang='lat' dir='ltr'><strong>dicit</strong></span> <span class='ocrx_word' id='word_1_104' title='bbox 912 1995 952 2078; x_wconf 90' lang='lat' dir='ltr'><strong>(p.</strong></span> <span class='ocrx_word' id='word_1_105' title='bbox 971 1997 1035 2057; x_wconf 79' lang='lat'><strong>326</strong></span> <span class='ocrx_word' id='word_1_106' title='bbox 1052 1994 1106 2078; x_wconf 90' lang='lat' dir='ltr'><strong>D),</strong></span> <span class='ocrx_word' id='word_1_107' title='bbox 1123 1994 1185 2056; x_wconf 83' lang='lat' dir='ltr'><strong>sive</strong></span> 
     </span>
     <span class='ocr_line' id='line_1_15' title="bbox 184 2113 1183 2198; baseline 0.003 -23"><span class='ocrx_word' id='word_1_108' title='bbox 184 2121 220 2176; x_wconf 90' lang='lat' dir='ltr'><strong>ut</strong></span> <span class='ocrx_word' id='word_1_109' title='bbox 241 2113 424 2176; x_wconf 84' lang='lat' dir='ltr'><strong>Plutarchus</strong></span> <span class='ocrx_word' id='word_1_110' title='bbox 448 2114 540 2197; x_wconf 92' lang='lat' dir='ltr'><strong>(Dion</strong></span> <span class='ocrx_word' id='word_1_111' title='bbox 565 2137 589 2177; x_wconf 88' lang='lat' dir='ltr'><strong>c.</strong></span> <span class='ocrx_word' id='word_1_112' title='bbox 614 2116 646 2198; x_wconf 72' lang='lat'><strong>4)</strong></span> <span class='ocrx_word' id='word_1_113' title='bbox 669 2114 903 2197; x_wconf 86' lang='lat' dir='ltr'><strong>interpretatur,</strong></span> <span class='ocrx_word' id='word_1_114' title='bbox 932 2115 992 2190; x_wconf 75' lang='grc' dir='ltr'><strong>θείω</strong></span> <span class='ocrx_word' id='word_1_115' title='bbox 1018 2113 1070 2177; x_wconf 77' lang='grc' dir='ltr'><strong>τινὶ</strong></span> <span class='ocrx_word' id='word_1_116' title='bbox 1094 2114 1183 2195; x_wconf 65' lang='grc' dir='ltr'><em>τύχω.</em></span> 
     </span>
     <span class='ocr_line' id='line_1_16' title="bbox 183 2230 1186 2315; baseline 0 -21"><span class='ocrx_word' id='word_1_117' title='bbox 183 2231 263 2315; x_wconf 84' lang='lat' dir='ltr'><strong>Ergo</strong></span> <span class='ocrx_word' id='word_1_118' title='bbox 287 2239 323 2295; x_wconf 87' lang='lat' dir='ltr'><strong>nt</strong></span> <span class='ocrx_word' id='word_1_119' title='bbox 345 2231 435 2295; x_wconf 91' lang='lat' dir='ltr'><strong>modo</strong></span> <span class='ocrx_word' id='word_1_120' title='bbox 458 2233 491 2295; x_wconf 94' lang='lat' dir='ltr'><strong>in</strong></span> <span class='ocrx_word' id='word_1_121' title='bbox 514 2232 653 2309; x_wconf 89' lang='lat' dir='ltr'><strong>Italiam,</strong></span> <span class='ocrx_word' id='word_1_122' title='bbox 679 2232 721 2295; x_wconf 88' lang='lat' dir='ltr'><strong>ita</strong></span> <span class='ocrx_word' id='word_1_123' title='bbox 745 2254 826 2295; x_wconf 93' lang='lat' dir='ltr'><strong>nnnc</strong></span> <span class='ocrx_word' id='word_1_124' title='bbox 849 2231 880 2294; x_wconf 91' lang='lat' dir='ltr'><strong>in</strong></span> <span class='ocrx_word' id='word_1_125' title='bbox 904 2230 1038 2294; x_wconf 87' lang='lat' dir='ltr'><strong>Siciliam</strong></span> <span class='ocrx_word' id='word_1_126' title='bbox 1054 2232 1129 2295; x_wconf 90' lang='lat' dir='ltr'><strong>abiit</strong></span> <span class='ocrx_word' id='word_1_127' title='bbox 1146 2240 1186 2294; x_wconf 91' lang='lat' dir='ltr'><strong>te·</strong></span> 
     </span>
     <span class='ocr_line' id='line_1_17' title="bbox 182 2350 1185 2429; baseline 0 -15"><span class='ocrx_word' id='word_1_128' title='bbox 182 2374 281 2427; x_wconf 89' lang='lat' dir='ltr'><strong>mere,</strong></span> <span class='ocrx_word' id='word_1_129' title='bbox 306 2351 392 2414; x_wconf 87' lang='lat' dir='ltr'><strong>nullo</strong></span> <span class='ocrx_word' id='word_1_130' title='bbox 415 2352 556 2429; x_wconf 77' lang='lat' dir='ltr'><strong>consilio,</strong></span> <span class='ocrx_word' id='word_1_131' title='bbox 581 2351 633 2415; x_wconf 92' lang='lat' dir='ltr'><strong>sed</strong></span> <span class='ocrx_word' id='word_1_132' title='bbox 656 2351 689 2414; x_wconf 93' lang='lat' dir='ltr'><strong>in</strong></span> <span class='ocrx_word' id='word_1_133' title='bbox 711 2351 820 2414; x_wconf 89' lang='lat' dir='ltr'><strong>melius</strong></span> <span class='ocrx_word' id='word_1_134' title='bbox 843 2351 933 2413; x_wconf 90' lang='lat' dir='ltr'><strong>vertit</strong></span> <span class='ocrx_word' id='word_1_135' title='bbox 956 2350 1041 2414; x_wconf 91' lang='lat' dir='ltr'><strong>deus.</strong></span> <span class='ocrx_word' id='word_1_136' title='bbox 1072 2350 1185 2414; x_wconf 91' lang='lat' dir='ltr'><strong>Parum</strong></span> 
     </span>
     <span class='ocr_line' id='line_1_18' title="bbox 183 2469 1185 2553; baseline 0.001 -21"><span class='ocrx_word' id='word_1_137' title='bbox 183 2469 240 2533; x_wconf 93' lang='lat' dir='ltr'><strong>hoc</strong></span> <span class='ocrx_word' id='word_1_138' title='bbox 263 2470 405 2534; x_wconf 88' lang='lat' dir='ltr'><strong>credibile</strong></span> <span class='ocrx_word' id='word_1_139' title='bbox 428 2471 527 2534; x_wconf 89' lang='lat' dir='ltr'><strong>visum</strong></span> <span class='ocrx_word' id='word_1_140' title='bbox 541 2478 589 2534; x_wconf 73' lang='lat' dir='ltr'><strong>&#39;est</strong></span> <span class='ocrx_word' id='word_1_141' title='bbox 604 2471 675 2533; x_wconf 89' lang='lat' dir='ltr'><strong>viris</strong></span> <span class='ocrx_word' id='word_1_142' title='bbox 691 2470 806 2547; x_wconf 91' lang='lat' dir='ltr'><strong>doctis,</strong></span> <span class='ocrx_word' id='word_1_143' title='bbox 824 2470 876 2553; x_wconf 90' lang='lat' dir='ltr'><strong>qni</strong></span> <span class='ocrx_word' id='word_1_144' title='bbox 892 2492 998 2533; x_wconf 89' lang='lat' dir='ltr'><strong>causas</strong></span> <span class='ocrx_word' id='word_1_145' title='bbox 1014 2470 1185 2534; x_wconf 87' lang='lat' dir='ltr'><strong>attulerunt</strong></span> 
     </span>
     <span class='ocr_line' id='line_1_19' title="bbox 181 2589 1185 2673; baseline -0.003 -19"><span class='ocrx_word' id='word_1_146' title='bbox 181 2590 258 2654; x_wconf 91' lang='lat' dir='ltr'><strong>alins</strong></span> <span class='ocrx_word' id='word_1_147' title='bbox 282 2590 389 2668; x_wconf 89' lang='lat' dir='ltr'><strong>aliam,</strong></span> <span class='ocrx_word' id='word_1_148' title='bbox 425 2613 480 2654; x_wconf 92' lang='lat' dir='ltr'><strong>cur</strong></span> <span class='ocrx_word' id='word_1_149' title='bbox 502 2590 590 2653; x_wconf 88' lang='lat' dir='ltr'><strong>Plato</strong></span> <span class='ocrx_word' id='word_1_150' title='bbox 614 2590 645 2653; x_wconf 90' lang='lat' dir='ltr'><strong>in</strong></span> <span class='ocrx_word' id='word_1_151' title='bbox 668 2589 803 2652; x_wconf 85' lang='lat' dir='ltr'><strong>Siciliam</strong></span> <span class='ocrx_word' id='word_1_152' title='bbox 825 2589 1000 2673; x_wconf 86' lang='lat' dir='ltr'><strong>trajecisset.</strong></span> <span class='ocrx_word' id='word_1_153' title='bbox 1048 2589 1185 2651; x_wconf 80' lang='lat' dir='ltr'><strong>Fuerunt</strong></span> 
     </span>
     <span class='ocr_line' id='line_1_20' title="bbox 182 2694 1185 2792; baseline -0.003 -20"><span class='ocrx_word' id='word_1_154' title='bbox 182 2709 236 2792; x_wconf 91' lang='lat' dir='ltr'><strong>qui</strong></span> <span class='ocrx_word' id='word_1_155' title='bbox 258 2732 328 2772; x_wconf 90' lang='lat' dir='ltr'><strong>eum</strong></span> <span class='ocrx_word' id='word_1_156' title='bbox 344 2694 467 2772; x_wconf 31' lang='lat' dir='ltr'><strong>&#39;Aetnae</strong></span> <span class='ocrx_word' id='word_1_157' title='bbox 491 2708 632 2772; x_wconf 85' lang='lat' dir='ltr'><strong>visendae</strong></span> <span class='ocrx_word' id='word_1_158' title='bbox 655 2708 753 2792; x_wconf 84' lang='lat' dir='ltr'><strong>gratia</strong></span> <span class='ocrx_word' id='word_1_159' title='bbox 774 2706 906 2770; x_wconf 89' lang='lat' dir='ltr'><strong>insulam</strong></span> <span class='ocrx_word' id='word_1_160' title='bbox 927 2706 1035 2770; x_wconf 88' lang='lat' dir='ltr'><strong>adiisse</strong></span> <span class='ocrx_word' id='word_1_161' title='bbox 1051 2707 1185 2770; x_wconf 87' lang='lat' dir='ltr'><strong>dicerent</strong></span> 
     </span>
     <span class='ocr_line' id='line_1_21' title="bbox 181 2816 1183 2912; baseline -0.001 -23"><span class='ocrx_word' id='word_1_162' title='bbox 181 2828 342 2912; x_wconf 89' lang='lat' dir='ltr'><strong>(Apuleius</strong></span> <span class='ocrx_word' id='word_1_163' title='bbox 372 2827 404 2892; x_wconf 91' lang='lat' dir='ltr'><strong>ll.</strong></span> <span class='ocrx_word' id='word_1_164' title='bbox 436 2850 461 2891; x_wconf 88' lang='lat' dir='ltr'><strong>c.</strong></span> <span class='ocrx_word' id='word_1_165' title='bbox 492 2830 521 2891; x_wconf 79' lang='lat'><strong>4.</strong></span> <span class='ocrx_word' id='word_1_166' title='bbox 551 2827 691 2891; x_wconf 73' lang='lat' dir='ltr'><strong>Laertius</strong></span> <span class='ocrx_word' id='word_1_167' title='bbox 726 2829 742 2911; x_wconf 63' lang='lat' dir='ltr'><strong>b</strong></span> <span class='ocrx_word' id='word_1_168' title='bbox 771 2816 840 2910; x_wconf 84' lang='lat' dir='ltr'><strong>l8);</strong></span> <span class='ocrx_word' id='word_1_169' title='bbox 866 2826 934 2903; x_wconf 91' lang='lat' dir='ltr'><strong>alii,</strong></span> <span class='ocrx_word' id='word_1_170' title='bbox 964 2832 999 2888; x_wconf 93' lang='lat' dir='ltr'><strong>ut</strong></span> <span class='ocrx_word' id='word_1_171' title='bbox 1022 2849 1129 2909; x_wconf 85' lang='lat' dir='ltr'><strong>agrum</strong></span> <span class='ocrx_word' id='word_1_172' title='bbox 1153 2833 1183 2889; x_wconf 91' lang='lat' dir='ltr'><strong>et</strong></span> 
     </span>
     <span class='ocr_line' id='line_1_22' title="bbox 180 2943 1184 3030; baseline -0.002 -21"><span class='ocrx_word' id='word_1_173' title='bbox 180 2945 294 3009; x_wconf 87' lang='lat' dir='ltr'><strong>incolas</strong></span> <span class='ocrx_word' id='word_1_174' title='bbox 325 2969 342 3008; x_wconf 92' lang='lat' dir='ltr'><strong>a</strong></span> <span class='ocrx_word' id='word_1_175' title='bbox 372 2953 501 3030; x_wconf 88' lang='lat' dir='ltr'><strong>tyranno</strong></span> <span class='ocrx_word' id='word_1_176' title='bbox 531 2952 685 3030; x_wconf 89' lang='lat' dir='ltr'><strong>posceret,</strong></span> <span class='ocrx_word' id='word_1_177' title='bbox 714 2943 888 3008; x_wconf 88' lang='lat' dir='ltr'><strong>condendae</strong></span> <span class='ocrx_word' id='word_1_178' title='bbox 916 2944 1060 3007; x_wconf 87' lang='lat' dir='ltr'><strong>nimirum</strong></span> <span class='ocrx_word' id='word_1_179' title='bbox 1083 2943 1184 3007; x_wconf 90' lang='lat' dir='ltr'><strong>Plato·</strong></span> 
     </span>
     <span class='ocr_line' id='line_1_23' title="bbox 180 3062 1182 3149; baseline 0 -22"><span class='ocrx_word' id='word_1_180' title='bbox 180 3065 266 3127; x_wconf 90' lang='lat' dir='ltr'><strong>nicae</strong></span> <span class='ocrx_word' id='word_1_181' title='bbox 281 3064 396 3128; x_wconf 89' lang='lat' dir='ltr'><strong>civitati</strong></span> <span class='ocrx_word' id='word_1_182' title='bbox 411 3064 505 3148; x_wconf 88' lang='lat' dir='ltr'><strong>(Plnt.</strong></span> <span class='ocrx_word' id='word_1_183' title='bbox 522 3064 602 3128; x_wconf 90' lang='lat' dir='ltr'><strong>Phil.</strong></span> <span class='ocrx_word' id='word_1_184' title='bbox 620 3088 644 3129; x_wconf 90' lang='lat' dir='ltr'><strong>c.</strong></span> <span class='ocrx_word' id='word_1_185' title='bbox 662 3065 757 3149; x_wconf 89' lang='lat' dir='ltr'><strong>princ.</strong></span> <span class='ocrx_word' id='word_1_186' title='bbox 771 3086 797 3127; x_wconf 92' lang='lat' dir='ltr'><strong>c.</strong></span> <span class='ocrx_word' id='word_1_187' title='bbox 811 3066 846 3140; x_wconf 71' lang='lat'><strong>43</strong></span> <span class='ocrx_word' id='word_1_188' title='bbox 858 3065 881 3148; x_wconf 80' lang='grc'><strong>2)</strong></span> <span class='ocrx_word' id='word_1_189' title='bbox 893 3063 1079 3126; x_wconf 81' lang='lat' dir='ltr'><strong>Themistins</strong></span> <span class='ocrx_word' id='word_1_190' title='bbox 1096 3062 1182 3127; x_wconf 87' lang='lat' dir='ltr'><strong>Orat.</strong></span> 
     </span>
     <span class='ocr_line' id='line_1_24' title="bbox 182 3180 1183 3267; baseline -0.001 -22"><span class='ocrx_word' id='word_1_191' title='bbox 182 3181 290 3260; x_wconf 82' lang='lat' dir='ltr'><strong>XVII,</strong></span> <span class='ocrx_word' id='word_1_192' title='bbox 323 3205 352 3267; x_wconf 87' lang='lat' dir='ltr'><strong>p.</strong></span> <span class='ocrx_word' id='word_1_193' title='bbox 378 3185 440 3245; x_wconf 77' lang='lat'><strong>215</strong></span> <span class='ocrx_word' id='word_1_194' title='bbox 465 3184 520 3266; x_wconf 89' lang='lat' dir='ltr'><strong>B),</strong></span> <span class='ocrx_word' id='word_1_195' title='bbox 546 3183 627 3267; x_wconf 91' lang='lat' dir='ltr'><strong>qnod</strong></span> <span class='ocrx_word' id='word_1_196' title='bbox 649 3183 731 3246; x_wconf 91' lang='lat' dir='ltr'><strong>idem</strong></span> <span class='ocrx_word' id='word_1_197' title='bbox 753 3181 894 3245; x_wconf 73' lang='lat' dir='ltr'><strong>Laertius</strong></span> <span class='ocrx_word' id='word_1_198' title='bbox 918 3180 1044 3244; x_wconf 90' lang='lat' dir='ltr'><strong>secundi</strong></span> <span class='ocrx_word' id='word_1_199' title='bbox 1066 3181 1183 3244; x_wconf 89' lang='lat' dir='ltr'><strong>itineris</strong></span> 
     </span>
     <span class='ocr_line' id='line_1_25' title="bbox 181 3298 1183 3385; baseline 0 -22"><span class='ocrx_word' id='word_1_200' title='bbox 181 3323 302 3364; x_wconf 90' lang='lat' dir='ltr'><strong>cansam</strong></span> <span class='ocrx_word' id='word_1_201' title='bbox 325 3301 419 3365; x_wconf 85' lang='lat' dir='ltr'><strong>fnisse</strong></span> <span class='ocrx_word' id='word_1_202' title='bbox 442 3302 518 3365; x_wconf 84' lang='lat' dir='ltr'><strong>dicit</strong></span> <span class='ocrx_word' id='word_1_203' title='bbox 525 3329 533 3379; x_wconf 89' lang='lat'>;</span> <span class='ocrx_word' id='word_1_204' title='bbox 568 3302 734 3385; x_wconf 85' lang='lat' dir='ltr'><strong>iniquiores</strong></span> <span class='ocrx_word' id='word_1_205' title='bbox 765 3323 835 3365; x_wconf 89' lang='lat' dir='ltr'><strong>eum</strong></span> <span class='ocrx_word' id='word_1_206' title='bbox 868 3300 955 3363; x_wconf 89' lang='lat' dir='ltr'><strong>aulae</strong></span> <span class='ocrx_word' id='word_1_207' title='bbox 979 3298 1183 3384; x_wconf 87' lang='lat' dir='ltr'><strong>Syracusanae</strong></span> 
     </span>
     <span class='ocr_line' id='line_1_26' title="bbox 181 3417 1184 3502; baseline -0.002 -20"><span class='ocrx_word' id='word_1_208' title='bbox 181 3419 296 3482; x_wconf 91' lang='lat' dir='ltr'><strong>deliciis</strong></span> <span class='ocrx_word' id='word_1_209' title='bbox 323 3419 467 3483; x_wconf 87' lang='lat' dir='ltr'><strong>allectum</strong></span> <span class='ocrx_word' id='word_1_210' title='bbox 490 3420 647 3498; x_wconf 83' lang='lat' dir='ltr'><strong>dixerunt,</strong></span> <span class='ocrx_word' id='word_1_211' title='bbox 672 3426 707 3483; x_wconf 93' lang='lat' dir='ltr'><strong>ut</strong></span> <span class='ocrx_word' id='word_1_212' title='bbox 729 3424 854 3483; x_wconf 89' lang='lat' dir='ltr'><strong>narrant</strong></span> <span class='ocrx_word' id='word_1_213' title='bbox 878 3418 1044 3502; x_wconf 74' lang='lat' dir='ltr'><strong>ApuleinS,</strong></span> <span class='ocrx_word' id='word_1_214' title='bbox 1066 3417 1184 3481; x_wconf 81' lang='lat' dir='ltr'><strong>Themi-</strong></span> 
     </span>
     <span class='ocr_line' id='line_1_27' title="bbox 182 3535 1185 3624; baseline 0 -24"><span class='ocrx_word' id='word_1_215' title='bbox 182 3538 259 3601; x_wconf 92' lang='lat' dir='ltr'><strong>stins</strong></span> <span class='ocrx_word' id='word_1_216' title='bbox 280 3546 310 3601; x_wconf 92' lang='lat' dir='ltr'><strong>et</strong></span> <span class='ocrx_word' id='word_1_217' title='bbox 328 3538 565 3624; x_wconf 88' lang='lat' dir='ltr'><strong>Olympiodorns</strong></span> <span class='ocrx_word' id='word_1_218' title='bbox 587 3539 650 3622; x_wconf 81' lang='lat' dir='ltr'><strong>(vit.</strong></span> <span class='ocrx_word' id='word_1_219' title='bbox 669 3538 816 3621; x_wconf 81' lang='lat' dir='ltr'><strong>Platon),</strong></span> <span class='ocrx_word' id='word_1_220' title='bbox 830 3559 921 3620; x_wconf 88' lang='lat' dir='ltr'><strong>quam</strong></span> <span class='ocrx_word' id='word_1_221' title='bbox 934 3535 1056 3619; x_wconf 90' lang='lat' dir='ltr'><strong>quidem</strong></span> <span class='ocrx_word' id='word_1_222' title='bbox 1069 3537 1185 3621; x_wconf 90' lang='lat' dir='ltr'><strong>opinio-</strong></span> 
     </span>
     <span class='ocr_line' id='line_1_28' title="bbox 180 3655 1183 3744; baseline -0.001 -24"><span class='ocrx_word' id='word_1_223' title='bbox 180 3680 250 3720; x_wconf 92' lang='lat' dir='ltr'><strong>nem</strong></span> <span class='ocrx_word' id='word_1_224' title='bbox 262 3681 280 3720; x_wconf 92' lang='lat' dir='ltr'><strong>a</strong></span> <span class='ocrx_word' id='word_1_225' title='bbox 291 3657 412 3721; x_wconf 90' lang='lat' dir='ltr'><strong>comicis</strong></span> <span class='ocrx_word' id='word_1_226' title='bbox 428 3659 526 3743; x_wconf 73' lang='lat' dir='ltr'><strong>poetis</strong></span> <span class='ocrx_word' id='word_1_227' title='bbox 543 3665 573 3722; x_wconf 92' lang='lat' dir='ltr'><strong>et</strong></span> <span class='ocrx_word' id='word_1_228' title='bbox 589 3658 763 3744; x_wconf 88' lang='lat' dir='ltr'><strong>philosophi</strong></span> <span class='ocrx_word' id='word_1_229' title='bbox 779 3655 1034 3720; x_wconf 87' lang='lat' dir='ltr'><strong>obtrectatoribus</strong></span> <span class='ocrx_word' id='word_1_230' title='bbox 1050 3679 1183 3739; x_wconf 87' lang='lat' dir='ltr'><strong>sparsam</strong></span> 
     </span>
    </p>
   </div>
   <div class='ocr_carea' id='block_1_5' title="bbox 183 3845 1184 4111">
    <p class='ocr_par' dir='ltr' id='par_1_5' title="bbox 183 3845 1184 4111">
     <span class='ocr_line' id='line_1_29' title="bbox 215 3845 1184 3914; baseline -0.007 -15"><span class='ocrx_word' id='word_1_231' title='bbox 215 3851 239 3911; x_wconf 92' lang='grc'><strong>1)</strong></span> <span class='ocrx_word' id='word_1_232' title='bbox 257 3851 381 3914; x_wconf 84' lang='lat' dir='ltr'><strong>Menagins</strong></span> <span class='ocrx_word' id='word_1_233' title='bbox 403 3851 433 3900; x_wconf 88' lang='lat' dir='ltr'><strong>ad</strong></span> <span class='ocrx_word' id='word_1_234' title='bbox 459 3851 531 3914; x_wconf 87' lang='lat' dir='ltr'><strong>Diog.</strong></span> <span class='ocrx_word' id='word_1_235' title='bbox 557 3851 641 3908; x_wconf 73' lang='lat' dir='ltr'><strong>baert,</strong></span> <span class='ocrx_word' id='word_1_236' title='bbox 668 3849 717 3899; x_wconf 91' lang='lat' dir='ltr'><strong>Ill.</strong></span> <span class='ocrx_word' id='word_1_237' title='bbox 744 3850 766 3899; x_wconf 85' lang='grc'><strong>6.</strong></span> <span class='ocrx_word' id='word_1_238' title='bbox 801 3849 936 3906; x_wconf 89' lang='lat' dir='ltr'><strong>Hermann,</strong></span> <span class='ocrx_word' id='word_1_239' title='bbox 962 3847 1063 3910; x_wconf 88' lang='lat' dir='ltr'><strong>System.</strong></span> <span class='ocrx_word' id='word_1_240' title='bbox 1081 3845 1103 3894; x_wconf 91' lang='lat' dir='ltr'><strong>d.</strong></span> <span class='ocrx_word' id='word_1_241' title='bbox 1122 3845 1184 3893; x_wconf 86' lang='lat' dir='ltr'><strong>Plat.</strong></span> 
     </span>
     <span class='ocr_line' id='line_1_30' title="bbox 183 3946 459 4011; baseline 0.004 -18"><span class='ocrx_word' id='word_1_242' title='bbox 183 3946 240 4011; x_wconf 85' lang='lat' dir='ltr'><strong>phil.</strong></span> <span class='ocrx_word' id='word_1_243' title='bbox 258 3963 281 4010; x_wconf 93' lang='lat' dir='ltr'><strong>p.</strong></span> <span class='ocrx_word' id='word_1_244' title='bbox 299 3947 343 4004; x_wconf 82' lang='lat'><strong>60,</strong></span> <span class='ocrx_word' id='word_1_245' title='bbox 361 3963 383 3996; x_wconf 90' lang='lat' dir='ltr'><strong>n.</strong></span> <span class='ocrx_word' id='word_1_246' title='bbox 405 3947 459 3995; x_wconf 82' lang='lat'>131.</span> 
     </span>
     <span class='ocr_line' id='line_1_31' title="bbox 215 4040 1184 4111; baseline -0.003 -22"><span class='ocrx_word' id='word_1_247' title='bbox 215 4041 239 4102; x_wconf 81' lang='lat'><strong>2)</strong></span> <span class='ocrx_word' id='word_1_248' title='bbox 258 4041 379 4090; x_wconf 88' lang='lat' dir='ltr'><strong>Plutarchi</strong></span> <span class='ocrx_word' id='word_1_249' title='bbox 397 4043 467 4090; x_wconf 87' lang='lat' dir='ltr'><strong>verba</strong></span> <span class='ocrx_word' id='word_1_250' title='bbox 485 4045 541 4089; x_wconf 87' lang='lat' dir='ltr'><strong>sunt</strong></span> <span class='ocrx_word' id='word_1_251' title='bbox 558 4040 630 4089; x_wconf 86' lang='lat' dir='ltr'><strong>haec:</strong></span> <span class='ocrx_word' id='word_1_252' title='bbox 650 4042 668 4111; x_wconf 72' lang='grc' dir='ltr'><strong>ῃ*</strong></span> <span class='ocrx_word' id='word_1_253' title='bbox 682 4044 719 4091; x_wconf 83' lang='grc' dir='ltr'><strong>ναὶ</strong></span> <span class='ocrx_word' id='word_1_254' title='bbox 736 4043 831 4090; x_wconf 78' lang='grc' dir='ltr'><em>Πλάτων</em></span> <span class='ocrx_word' id='word_1_255' title='bbox 847 4043 878 4096; x_wconf 80' lang='grc' dir='ltr'><strong>εἰς</strong></span> <span class='ocrx_word' id='word_1_256' title='bbox 895 4040 992 4090; x_wconf 76' lang='grc' dir='ltr'><em>Σικελίαν</em></span> <span class='ocrx_word' id='word_1_257' title='bbox 1008 4040 1126 4099; x_wconf 78' lang='grc' dir='ltr'><em>ἔπλευσεν,</em></span> <span class='ocrx_word' id='word_1_258' title='bbox 1145 4041 1184 4086; x_wconf 82' lang='grc' dir='ltr'><strong>ἑλ-</strong></span> 
     </span>
    </p>
   </div>
   <div class='ocr_carea' id='block_1_6' title="bbox 182 4137 1131 4205">
    <p class='ocr_par' dir='ltr' id='par_1_6' title="bbox 182 4137 1131 4205">
     <span class='ocr_line' id='line_1_32' title="bbox 182 4137 1131 4205; baseline -0.011 -15"><span class='ocrx_word' id='word_1_259' title='bbox 182 4141 255 4200; x_wconf 68' lang='lat' dir='ltr'><strong>algua</strong></span> <span class='ocrx_word' id='word_1_260' title='bbox 269 4144 300 4191; x_wconf 83' lang='grc' dir='ltr'><strong>τὰ</strong></span> <span class='ocrx_word' id='word_1_261' title='bbox 317 4140 422 4204; x_wconf 76' lang='grc' dir='ltr'><em>δόγματα</em></span> <span class='ocrx_word' id='word_1_262' title='bbox 438 4145 516 4203; x_wconf 79' lang='grc' dir='ltr'><em>νόμους</em></span> <span class='ocrx_word' id='word_1_263' title='bbox 532 4141 570 4189; x_wconf 84' lang='grc' dir='ltr'><strong>καλ</strong></span> <span class='ocrx_word' id='word_1_264' title='bbox 586 4143 642 4205; x_wconf 73' lang='grc' dir='ltr'><strong>ἔργα</strong></span> <span class='ocrx_word' id='word_1_265' title='bbox 655 4145 753 4195; x_wconf 72' lang='grc' dir='ltr'><em>ποιήσειν</em></span> <span class='ocrx_word' id='word_1_266' title='bbox 769 4140 790 4186; x_wconf 81' lang='lat' dir='ltr'><strong>n</strong></span> <span class='ocrx_word' id='word_1_267' title='bbox 806 4143 854 4191; x_wconf 79' lang='grc' dir='ltr'><strong>τοῖς</strong></span> <span class='ocrx_word' id='word_1_268' title='bbox 868 4137 977 4186; x_wconf 77' lang='grc' dir='ltr'><em>Διονυσίων</em></span> <span class='ocrx_word' id='word_1_269' title='bbox 991 4139 1131 4202; x_wconf 74' lang='grc' dir='ltr'><em>πράγμασιν.</em></span> 
     </span>
    </p>
   </div>
   <div class='ocr_carea' id='block_1_7' title="bbox 0 0 1378 4950">
    <p class='ocr_par' dir='ltr' id='par_1_7' title="bbox 0 0 1378 4950">
     <span class='ocr_line' id='line_1_33' title="bbox 0 0 1378 4950; baseline 0 0"><span class='ocrx_word' id='word_1_270' title='bbox 0 0 1378 4950; x_wconf 95' lang='lat' dir='ltr'><strong> </strong></span> 
     </span>
    </p>
   </div>
  </div>
 </body>
</html>
