2746 4950
647 340 707 402 100

174 558 314 617 narratur
337 548 439 632 (Dion.
465 570 490 611 c.
506 549 568 631 13),
588 568 682 630 quum
699 545 787 610 Plato
799 546 832 609 in
848 546 947 610 aulam
963 544 1192 631 Syracusanam

174 670 323 747 venisset,
348 669 450 733 omnia
474 667 563 731 docto
587 665 712 751 pulvere
736 665 859 751 oppleta
873 665 983 744 fuisse,
1000 667 1086 750 quod
1105 691 1192 733 nnnc

173 788 339 872 Dionysius
364 785 466 850 ridens
486 785 513 849 ei
533 785 702 869 exprobrat.
727 784 796 848 Hoc
816 807 885 848 vero
904 785 1047 870 Dionysii
1068 785 1190 851 dictum

174 907 217 970 ita
239 904 422 992 philosopho
447 903 539 968 bilem
561 903 673 979 movit,
698 903 805 966 utrix
829 903 983 967 continere
1006 927 1040 967 se
1064 913 1189 989 posset:

174 1026 257 1102 κύγὼ
280 1024 313 1088 πὸ
345 1023 425 1101 μετα
451 1028 552 1088 παύπα
574 1019 588 1085 ὃ
611 1023 691 1103 ἐπῄει
714 1023 761 1097 μοί
786 1023 875 1089 είπείν
897 1024 947 1086 οὐκ
965 1018 1062 1099 εἷπον,
1079 1024 1192 1106 Φοβού-

176 1167 259 1223 μενος
276 1145 319 1222 μὴ
342 1147 460 1223 σμικροῦ
483 1142 609 1222 ῥήματος
634 1138 718 1205 ἕνεκα
740 1140 788 1205 πύν
811 1140 933 1205 ἔκπλουν
948 1139 977 1205 ὃν
993 1141 1189 1224 προσεδόκων,

174 1264 217 1339 μή
248 1287 296 1342 μοι
326 1263 423 1334 ππένος
451 1262 579 1340 γίγνοντο
601 1259 665 1325 ἀντ’
688 1261 872 1340 εὐρυχωρίαις.
919 1258 957 1324 Iu
981 1259 1101 1324 ultimis
1127 1284 1190 1326 ver·

174 1382 239 1460 bis,
262 1381 443 1465 φοβούμενος
469 1419 514 1430 -
536 1383 578 1460 μὴ
601 1383 648 1446 τὸν
672 1379 795 1445 ἔκπλουν
816 1419 862 1429 -
883 1381 925 1459 μή
948 1405 997 1458 αα
1019 1382 1121 1454 οπένος
1145 1382 1190 1459 γί-

176 1526 273 1580 γνοντο
303 1504 367 1566 ἀντ’
399 1501 591 1582 εὐρυχωρίας,
623 1507 668 1565 est
699 1500 920 1578 anacoluthon3
957 1499 1018 1563 dici
1045 1508 1188 1585 poterat,

176 1622 288 1685 omisso
312 1622 411 1706 priore
433 1623 491 1699 μή,
515 1619 695 1703 φοβούμενος
718 1621 766 1686 τὸν
785 1619 907 1685 ἔκπλουν
925 1620 968 1697 fari
984 1644 1031 1697 μον
1047 1625 1189 1701 χαλεπὸς

177 1741 295 1818 γίνοιτο.
354 1738 496 1803 Ceterum
538 1760 593 1823 pro
631 1736 747 1815 οπενίς,
782 1737 865 1822 qnod
900 1746 945 1800 est
980 1736 1187 1822 adjectivum,

175 1858 282 1942 scripsi
304 1857 400 1930 οτένος
424 1856 666 1934 substantivum,
689 1855 771 1920 idem
795 1855 878 1941 quod
891 1857 1085 1936 στενοχωρία,
1103 1857 1187 1941 quod

175 1978 349 2063 oppositum
373 1977 539 2058 εὐρυχωρία.
574 1973 630 2038 nst
650 1981 752 2039 autem
773 1974 869 2047 οπένος
884 1973 1070 2039 vocabulum
1091 1977 1189 2061 potiti·

174 2120 263 2175 cum,
288 2119 350 2180 qno
372 2096 521 2181 pedestris
544 2117 641 2159 sermo
665 2118 726 2159 non
743 2095 850 2159 utitur.
874 2094 945 2158 Vin.
962 2093 1070 2180 Steph.
1095 2096 1187 2161 Thes.

175 2217 207 2280 in
240 2239 286 2295 v.;
318 2216 477 2297 εὐρυχωρία
508 2216 599 2280 etiam
628 2216 741 2301 legitur
772 2214 853 2300 apud
882 2212 1061 2292 Platonem,
1096 2216 1189 2280 utin

175 2335 252 2400 Tim.
277 2358 309 2421 p.
334 2338 374 2399 60
400 2334 443 2398 E:
467 2335 514 2401 ὐνύ
537 2343 648 2408 πολλῆς
671 2336 845 2417 εὐρυχωρίας
867 2335 958 2400 ίίνπα.
