2746 4950
670 378 731 438 186

192 583 399 659 προτεινόμενον
415 585 436 666 ¹)
459 596 496 666 τῇ
520 591 606 665 ψυχῇ
624 584 703 665 λόγῳ
721 611 754 649 τε
773 587 822 650 καί
840 590 907 651 κατ’
929 589 1006 668 ἔργα
1019 591 1202 669 αἰσθήσεσιν,

190 700 360 775 εὐέλεγκτον
382 701 416 765 τό
439 728 471 766 τε
489 704 647 780 λεγόμενον
668 705 716 767 καῖ
736 704 912 781 δεικνύμενον
930 706 975 770 οῖεί
998 711 1203 790 παρεχόμενον

188 814 308 883 ἕκαστον
315 871 323 900 ‚
354 821 477 901 οῖπορίας
499 823 604 886 τεκαὶ
628 823 780 905 οῖσοιφείας
803 824 993 902 ἐμπίμπλησι
1019 828 1201 904 ποίσης,ώς

190 940 256 1010 ἔπος
287 942 394 1015 εἰπεῖν,
425 940 512 1006 πέντ’
542 940 649 1020 όινδρα.
680 945 708 1006 έν
737 938 790 1007 οἶσι
813 943 865 1019 μὲν
888 940 935 1008 οὖν
957 947 1027 1021 μηδ’
1051 947 1201 1026 είθισμένοι

190 1059 312 1132 τοῖληθές
340 1059 434 1139 ζητεῖν
465 1060 550 1136 ἐσμέν
578 1059 633 1124 ὑπὸ
661 1065 782 1141 πονηροῖς
817 1069 940 1140 τροφῆς,
975 1062 1098 1143 ἐξαρκεῖ
1118 1065 1149 1129 δὲ
1171 1067 1201 1130 τό

190 1178 326 1257 προταθὲν
349 1183 403 1242 τών
426 1178 561 1249 εἰδώλων,
582 1179 836 1257 εύκαταγέλαοτοι
849 1182 873 1263 2)
892 1181 1059 1258 γιγνόμεθα
1081 1185 1135 1248 ὑπ’
1147 1186 1199 1248 ώλ-

139 1298 303 1378 neten,
328 1299 351 1361 οί
374 1297 542 1377 ἐρωτώμενοι
567 1298 621 1362 ὑπὸ
643 1306 698 1363 τών
721 1299 899 1379 ἐρωτώντων,
923 1299 1088 1377 δυναμένων
1113 1303 1144 1367 δὲ
1161 1305 1200 1368 τόν

190 1416 317 1494 τέτταρα
349 1416 517 1496 διαρρίπτειν
546 1441 580 1480 τε
610 1418 658 1481 καί
683 1419 841 1497 ἐλέγχειν·
866 1420 894 1482 έν
916 1413 955 1490 οἷς
973 1418 999 1481 δ’
1011 1418 1051 1483 όον
1069 1421 1104 1484 τό
1125 1423 1199 1498 πέμ

190 1559 260 1598 πτον
278 1535 481 1641 ἀποκρίνασθαι
501 1536 550 1599 καί
570 1536 670 1611 δηλοῦν
685 1535 913 1620 οίναγκοίζωμεν,
927 1537 1129 1616 όβουλόμενος
1146 1546 1199 1603 τών

188 1655 347 1730 δυναμένων
376 1655 544 1733 οῖνατρέπειν
573 1663 686 1738 κρατεῖ,
715 1656 764 1720 καί
787 1665 863 1720 ποιεῖ
882 1655 930 1721 τόν
948 1654 1149 1735 ἐξηγούμενον
1170 1660 1198 1723 έν

189 1773 285 1850 λόγοις
312 1771 526 1850 ἢγρώμμασιν
549 1774 565 1849 ἢ
587 1774 753 1851 ἀποκρίσεσι
775 1781 834 1844 τοῖς
858 1781 978 1845 πολλοῖς
1001 1782 1060 1839 τῶν
1083 1777 1199 1842 σίκουόν-

188 1917 245 1956 των
273 1892 361 1956 δοκεῖν
382 1891 470 1968 μηδὲν
492 1887 661 1970 γιγνώσκειν
684 1889 720 1957 ών
743 1891 779 1956 όον
802 1894 933 1973 ἐπιχειρῇ
951 1893 1084 1975 γρώφειν
1108 1896 1127 1970 ἢ
1150 1895 1198 1960 λε’-

188 2034 267 2094 γειν,
298 2010 473 2088 οίγνοούντων
503 2011 590 2075 ένίοτε
616 2013 652 2083 ώς
674 2013 732 2091 οὐχ
755 2015 772 2087 ἡ
795 2013 882 2090 ψνχη
906 2016 956 2076 τοῦ
978 2010 1158 2093 γροίφαντος
1181 2015 1198 2089 ἦ

142 2129 328 2207 Ελέξαντος
364 2129 542 2212 ἐλέγχεται,
571 2131 641 2194 ἀλλ’
676 2134 770 2205 ητών
793 2129 937 2209 τεττοίρων
956 2131 1048 2210 Φύσις
1072 2131 1197 2199 έκώστου

188 2255 339 2330 πεφυκυῖα
361 2247 502 2329 φαύλως.
516 2251 541 2331 ³)
565 2253 582 2324 ἡ
605 2248 634 2313 δὲ
656 2249 703 2313 δνόο
727 2249 842 2313 πόντων
862 2251 957 2313 αὐτῶν
969 2249 1124 2346 διαγωγή,
1137 2250 1197 2318 ἄνω

187 2368 235 2432 καί
259 2366 339 2431 κοίτω
362 2366 585 2444 μεταβαίνουσα
608 2368 657 2448 ἐφ’
681 2365 820 2450 ἕκαστον,
845 2367 933 2445 μόγις
954 2370 1120 2448 έπιστνίμην
1140 2371 1197 2436 ένέ·

187 2613 243 2673 τών
274 2613 387 2672 πολλῶν
416 2604 473 2683 έξιω
500 2615 553 2680 τῆς
583 2613 685 2687 Ψυχῆς
716 2608 755 2678 εἷς
781 2632 815 2670 τε
844 2606 877 2670 τὸ
907 2608 1009 2678 μαθεῖν
1030 2606 1073 2678 είς
1097 2633 1132 2672 τε
1156 2610 1198 2674 τόν

36 2755 64 2817 p.
90 2734 163 2795 344.
186 2728 335 2804 λεγόμενα
363 2726 413 2800 ἤθη
444 2725 574 2806 πέφυκε,
603 2725 645 2789 τόν
671 2725 700 2789 δὲ
728 2723 911 2808 διέφθαρται,
935 2724 991 2790 οὐδ’
1012 2723 1048 2790 όιν
1073 2728 1196 2805 όΛυγ-

189 3002 238 3034 esse
256 2985 289 3034 nil
306 2985 351 3034 nisi
369 2985 435 3033 varin
451 2983 522 3034 lectio
540 3000 561 3031 v.
578 2988 675 3049 βέβαιον
691 2982 763 3043 (sieut
779 2997 803 3046 p.
821 2982 869 3031 342
886 2982 907 3029 B
923 2997 967 3046 pro
983 2983 1065 3041 ἀληθῖς
1083 2984 1196 3034 nonnulli

190 3081 245 3131 libri
262 3083 368 3141 ἀληθῶς),
387 3097 446 3144 qnne
464 3079 547 3128 deinde
564 3078 589 3126 in
607 3082 698 3126 textum
715 3077 781 3126 illntn
798 3078 839 3126 sit.

224 3179 247 3238 1)
263 3180 355 3241 lunge:
373 3183 400 3228 τὸ
415 3186 460 3228 τῶν
477 3182 595 3244 τεττάρων
611 3179 716 3237 ἕκαστον,
735 3181 904 3243 προτεινόμενον
918 3182 948 3233 τό
965 3182 1038 3245 ψυχῇ,
1056 3181 1094 3238 μὴ
1112 3178 1199 3239 ζητού-

189 3295 254 3339 μενον
276 3278 334 3340 λόγῳ
355 3293 381 3324 τε
414 3277 451 3324 καὶ
478 3276 601 3329 αῖσθόοεσι.
628 3271 740 3319 θεόσσυτον
764 3286 807 3334 pro
824 3277 992 3338 προτεινόμενον
1007 3269 1062 3317 libri
1081 3271 1126 3319 elii
1144 3290 1200 3341 προ

189 3378 258 3421 τεῖνον
278 3370 317 3418 elii
334 3376 444 3438 πρότερον
450 3389 456 3426 ;
474 3367 591 3431 posterius
609 3366 701 3415 videtur
718 3382 768 3414 esse
785 3382 799 3413 n
816 3365 956 3414 correctoris
973 3380 1053 3414 manu.
1077 3376 1200 3435 προτεῖνον

189 3467 222 3514 sic
244 3470 342 3515 vertunt
360 3466 405 3526 (ed.
427 3464 530 3525 Didot.):
554 3464 628 3522 „dnm
651 3463 730 3510 anime
751 3477 798 3510 non
815 3461 840 3508 id
856 3461 919 3524 quod
936 3461 1070 3510 sciscitatur
1090 3464 1201 3513 ostendit

191 3566 243 3609 tum
269 3560 346 3610 verbis
371 3557 422 3609 tuni
446 3558 540 3608 rebus.'’
574 3560 641 3623 Quae
663 3559 739 3607 versio
761 3573 804 3606 nee
827 3557 905 3606 verbis
928 3573 970 3605 nec
995 3556 1074 3605 sensui
1100 3574 1201 3625 respon·

190 3657 237 3705 det.
271 3655 368 3704 Correxi
394 3663 561 3723 προτεινόμενον
596 3654 712 3702 Similiter
730 3670 783 3702 mox
804 3657 928 3722 προεαθόν,
947 3668 990 3716 pro
1004 3668 1052 3715 quo
1064 3652 1125 3702 libri
1138 3671 1199 3704 non·

190 3751 249 3799 nulli
274 3751 334 3799 male
358 3754 474 3817 προτεθόν.
508 3750 595 3798 Nostro
617 3749 670 3798 loeo
691 3748 825 3797 simillimus
848 3752 884 3797 est
905 3747 945 3812 qui
968 3747 1056 3811 legitur
1079 3747 1111 3796 de
1137 3750 1199 3814 Rep.

191 3847 251 3905 Vll,
275 3863 297 3910 p.
322 3848 367 3895 525
391 3848 425 3895 D:
452 3852 490 3897 θάν
513 3867 547 3903 τις
565 3849 622 3915 αὐτῇ
638 3849 676 3917 (τῇ
694 3848 763 3915 ψυχῇ)
780 3848 855 3913 δρατὰ
870 3849 884 3901 ἣ
898 3849 964 3896 ἁπτὰ
983 3851 1083 3910 σώματα
1104 3849 1202 3913 ίχοντοις

188 3945 296 4010 ἀριθμοῖς
312 3949 479 4011 προτεινόμενος
496 3943 634 4005 διαλέγηται.
668 3942 707 3991 cf.
724 3942 752 3990 de
770 3942 842 4005 Legg.
859 3940 887 3998 x,
905 3956 928 4004 p.
946 3940 993 3989 895
1011 3939 1041 3990 Ι).
