2746 4950
657 333 717 393 131

186 542 337 607 Σικελίαν·
357 546 465 621 πρῶτον
480 540 534 619 μὲν
548 541 629 604 κατα
646 539 711 603 θέαν
727 548 779 614 τῆς
795 540 877 613 νήσου
893 542 942 604 καὶ
958 546 1013 604 τῶν
1028 538 1189 621 κρατήρων,

185 659 233 726 ὅτε
265 660 314 724 καὶ
346 658 488 729 Διονύσιος
518 660 533 720 o'
561 656 770 737 Ἑρμοκράτους
796 658 929 739 τύραννος
963 659 999 723 ὢν
1030 659 1194 736 ἠνάγκασεν

186 779 259 844 ὥστε
290 776 438 866 συροραίξαν
474 778 552 856 αὐτῷ
566 827 574 841 .
588 826 596 841 .
611 827 640 842 ..
672 760 797 857 adorem
835 777 903 857 πρὸς
926 777 973 842 τὸν
996 777 1125 858 νεώτερον
1145 773 1195 851 ἧκε

187 897 332 960 Διονύσιον
354 897 441 960 αἱπῶν
463 903 519 971 γῆν
541 895 591 957 καὶ
615 894 773 975 ἀνθρώπους
793 895 859 965 τοὺς
877 895 958 960 κατα
976 872 1028 970 τὴν
1047 895 1195 960 πολιτείαν

187 1018 276 1080 αὐτοῦ
300 1012 467 1094 ζησομένους
482 1062 489 1076 .
514 1015 527 1079 ὃ
551 1013 580 1077 δὲ
595 1014 699 1091 καίπερ
716 1013 914 1094 ὑποσχόμενος
929 1016 979 1078 οὐκ
994 1014 1137 1088 ἐποίησεν.
1148 1065 1155 1079 .
1166 1064 1193 1080 ..

186 1134 279 1215 τρίπον
302 1128 370 1207 ἦλθε
391 1130 557 1208 διαλλαξων
577 1132 674 1197 Δίωνα
693 1131 849 1213 Διονυσίῳ,
874 1134 904 1197 οὐ
932 1133 1029 1212 τυχὼν
1045 1132 1069 1195 δ’
1083 1131 1216 1212 alapas·-

186 1278 234 1326 σος
250 1255 409 1328 ἐπανῆλθεν
424 1255 463 1323 εἷς
487 1254 538 1326 τὴν
562 1252 699 1331 πασρνδα.
731 1251 772 1314 Et
788 1252 923 1315 strictius
940 1251 977 1316 ab
994 1251 1140 1337 Apuleio,
1158 1249 1195 1313 de

187 1372 287 1455 dogm.
312 1371 391 1435 Plat.
416 1370 450 1447 Ι,
475 1393 500 1434 c.
526 1374 564 1434 4:
602 1368 768 1448 „Ceterum
792 1377 852 1433 tres
876 1370 1036 1454 (Platonis)
1060 1370 1096 1433 ad
1121 1369 1194 1433 Sici·

187 1489 257 1552 liam
278 1488 427 1552 adventus
451 1488 523 1551 mali
547 1487 670 1570 quidem
695 1495 824 1571 carpunt
848 1488 972 1550 diversis
998 1487 1194 1572 opinionibus

187 1609 385 1684 disserentes;
416 1606 468 1670 sed
491 1606 543 1669 ille
568 1607 664 1690 primo
688 1607 832 1669 historiae
856 1607 970 1690 gratia,
995 1614 1030 1669 ut
1054 1615 1192 1669 naturam

189 1730 305 1791 Aetnae
328 1734 358 1789 et
374 1726 548 1789 incendium
569 1727 692 1789 concavi
707 1726 821 1788 montis
839 1725 1039 1808 intelligeret,
1061 1725 1194 1789 secundo

187 1847 287 1931 petitu
327 1845 468 1929 Dionysii
499 1852 534 1907 ut
565 1843 761 1928 Syracusanis
789 1844 941 1907 assisteret
972 1844 1124 1929 profectus
1164 1851 1194 1907 et

188 1973 224 2029 ut
246 1962 445 2048 municipales
475 1962 557 2046 leges
589 1964 654 2026 eius
678 1963 850 2047 provinciae
874 1962 1042 2026 addisceret
1050 1988 1059 2041 ;
1085 1963 1193 2026 tertius

188 2085 253 2146 eius
277 2082 425 2146 adventus
456 2083 622 2165 lugientem
650 2082 799 2160 Dionem,
824 2083 984 2168 impetrata
1005 2105 1022 2144 a
1045 2082 1193 2165 Dionysio
1237 2166 1239 2171 ¹

187 2203 291 2279 venia,
316 2202 430 2286 patriae
453 2223 526 2264 suae
542 2199 707 2265 reddidit.''

231 2437 299 2500 Jam
323 2436 361 2499 ad
384 2437 528 2521 epistolae
552 2436 754 2499 narrationem
779 2434 967 2513 accedimus,
992 2437 1024 2499 in
1040 2459 1100 2520 qua
1116 2435 1193 2522 diju-

187 2555 315 2619 dicanda
337 2578 399 2618 non
419 2555 633 2639 negligendum
652 2563 696 2618 est
713 2555 874 2618 consilium
890 2554 973 2638 quod
989 2555 1117 2638 scriptor
1134 2555 1192 2619 sibi

185 2674 359 2758 proposuit:
385 2697 402 2735 a
424 2673 654 2736 consilio'enim
678 2673 776 2756 operis
799 2673 842 2736 rei
864 2673 1005 2735 tractatio
1029 2672 1150 2757 pendet.

230 2791 416 2877 Scriptaest
439 2790 583 2875 epistola,
609 2798 644 2854 ut
666 2790 733 2875 ipsa
755 2791 923 2875 profitetur,
949 2814 979 2875 p.
1005 2793 1069 2854 324
1093 2790 1137 2868 B,
1153 2813 1188 2854 eo

185 2912 329 2988 consilio,
361 2916 396 2974 ut
426 2932 487 2993 qua
516 2911 633 2973 ratione
657 2909 717 2972 Dio
740 2909 811 2972 talis
835 2909 1000 2993 aliquando
1023 2910 1069 2973 vir
1092 2910 1189 2974 factus

122 3015 126 3022 .
185 3039 276 3108 esset,
298 3029 418 3113 qualem
434 3036 538 3114 postea
553 3029 622 3105 vita,
631 3036 662 3092 et
677 3028 816 3091 doctriua
832 3051 863 3091 se
879 3029 1048 3112 praestitit,
1067 3051 1189 3114 appare-

183 3157 229 3212 ret
233 3175 242 3226 ;
260 3147 392 3211 ostendit
409 3146 553 3210 autemid
566 3134 635 3210 eum
648 3154 807 3232 acceptum
817 3145 959 3211 debuisse
970 3147 1107 3210 Platonis
1120 3169 1189 3210 con-

121 3328 124 3332 .
185 3266 340 3331 suetudini
371 3272 401 3329 et
432 3265 628 3329 institutioni.
661 3289 690 3350 p.
716 3267 777 3331 327
804 3267 842 3328 A.
888 3263 981 3345 Quod
1004 3273 1039 3329 ut
1064 3266 1186 3350 probet,

183 3387 304 3449 initium
335 3385 408 3448 lacit
436 3400 466 3448 a*
484 3406 545 3467 quo
575 3391 710 3468 tempore
741 3384 801 3447 Dio
829 3384 959 3468 primum
991 3384 1023 3447 in
1050 3383 1186 3447 Platonis

181 3505 321 3567 notitiam
344 3503 443 3579 venit,
468 3502 498 3564 h.
523 3525 548 3565 e.
573 3525 590 3565 a
613 3503 710 3586 primo
730 3502 823 3565 huius
841 3501 974 3566 adventu
990 3503 1021 3565 in
1038 3501 1170 3565 Siciliam
1177 3529 1186 3580 3
1235 3587 1238 3592 Ι

182 3624 253 3687 hinc
299 3622 417 3707 pergit·
440 3616 625 3706 exponendis
665 3621 852 3705 reliquorum
887 3621 1031 3684 itinerum
1066 3621 1185 3686 casibus

182 3750 212 3807 et
241 3742 373 3818 eventis,
405 3739 557 3824 quomodo
586 3740 747 3818 nimirum,
771 3747 840 3824 post
867 3740 996 3804 alterum
1020 3740 1183 3804 adventum

181 3861 358 3946 Syracusae,
391 3860 521 3923 Diouem
555 3859 635 3922 inter
669 3866 700 3923 et
729 3858 911 3942 Dionysium
939 3867 1039 3923 ortum
1064 3861 1103 3922 sit
1126 3860 1185 3924 dis·

182 3979 314 4054 cidium,
346 3978 428 4062 quod
458 3977 547 4041 Plato
572 4000 641 4040 cum
664 4001 698 4040 eo
722 3978 788 4062 ipso
811 3987 946 4063 tempore
971 3986 1037 4041 tum
1060 3987 1183 4064 postea,

180 4098 270 4160 tertio
301 4097 408 4160 itincre
437 4087 601 4180 suscepto,
634 4096 747 4160 frustra
777 4091 955 4180 componere
983 4105 1110 4160 conatus
1134 4099 1183 4162 sit.

1021 4215 1066 4272 9*
