2746 4950
666 342 707 403 35

184 547 343 624 πειθόμενος
377 547 411 630 ζῇ
445 548 486 612 τόν
515 552 563 612 νῦν
592 549 623 612 οὐ
654 553 769 632 καλῶς,
797 550 810 614 ό
836 548 866 612 δὲ
890 547 1051 623 πειθόμενος
1071 546 1186 620 τέθνηκε

181 671 289 739 κιιλῶς.
321 665 423 746 Quam
447 672 572 750 argutae
595 647 778 744 antitheses,
799 689 895 750 ¹quam
914 665 1013 751 lepide
1034 665 1114 728 ludit
1129 673 1188 728 ter-

180 785 266 848 nario
288 807 429 857 numero:
454 784 734 881 τρίτους-τρίτον.
770 783 852 848 Hine
876 783 1046 868 digreditur
1062 782 1100 847 ed
1116 805 1188 867 poe-

182 925 236 966 nas
267 924 345 986 quae
367 908 588 987 postmortem
610 909 753 966 maneant
773 924 823 966 eos
847 900 900 985 qni
922 901 1068 979 libidine,
1093 900 1188 964 avari-

183 1021 243 1099 tia,
268 1021 379 1085 seelere
402 1044 434 1085 se
456 1020 632 1105 polluerint.
657 1020 776 1084 Deinde
792 1043 898 1084 rursus
914 1019 1099 1106 vituperatio
1116 1018 1190 1082 Dio-

184 1140 278 1225 nysii,
302 1139 439 1224 laudatio
462 1140 587 1205 Dionis:
610 1139 824 1225 praedicantur
840 1114 934 1203 huius
949 1139 1103 1224 praeclara
1119 1160 1189 1201 eon-

184 1258 269 1336 silia,
294 1258 469 1342 deploratur
492 1259 591 1323 exitus
614 1258 795 1323 miserabilis
819 1259 873 1343 qui
896 1259 1012 1343 optima
1036 1258 1101 1322 eius
1118 1280 1188 1321 eon-

184 1377 252 1440 silie
274 1400 328 1462 pro
352 1377 569 1462 Syracusarum
589 1377 727 1442 libertate
743 1384 774 1442 et
790 1378 889 1442 salute
905 1378 1054 1442 everterit.
1072 1375 1188 1440 Verum

184 1497 284 1559 missis
314 1497 361 1560 his
380 1496 567 1580 ,questibuS,
599 1497 658 1576 ait,
688 1498 788 1561 fauste
810 1497 935 1580 loquar:
960 1499 1140 1578 εὐφημῶμεν
1155 1495 1187 1579 (l.

183 1619 306 1696 εὐφημῶ
335 1616 399 1700 μὲν)
428 1617 515 1696 χάριν
545 1617 636 1681 οἰωνοῦ
659 1615 693 1680 τό
716 1616 825 1695 τρίτον,
840 1617 865 1701 1)
888 1616 964 1692 όμως
986 1616 1015 1680 δὲ
1038 1616 1188 1692 μιμείσθωι

184 1735 237 1810 μὲν
265 1732 455 1811 ξνμβονλειίω
479 1735 575 1800 Δίωνσι
599 1735 665 1812 ὑμῖν
687 1741 746 1806 τοῖς
768 1735 865 1817 φίλοις
887 1735 938 1810 σήν
962 1759 995 1803 τε
1013 1741 1066 1808 τῆς
1086 1733 1190 1813 rrae-pl-

184 1853 228 1924 δος
250 1852 359 1917 εὔνοιοιν
380 1853 429 1917 real
452 1854 504 1925 τὴν
526 1862 578 1928 τῆς
599 1859 707 1935 τροφῆς
723 1853 856 1935 σθφρονιι
872 1853 1000 1935 δίοιιτσιν,
1018 1853 1065 1917 ε’νιί
1082 1852 1190 1932 λῳόνων

184 1971 208 2034 δ’
219 1971 325 2049 ὀρνίθων
339 1973 395 2043 σόος
408 1972 512 2037 ε’κείνον
523 1973 674 2049 βουλήσεις
688 1973 837 2051 σειρίοσθοιι
849 1973 1012 2037 οίιιονελεῑνΙ
1026 1995 1055 2057 p.
1072 1957 1136 2035 336
1151 1971 1187 2037 C.
1240 2026 1241 2029 ,

184 2088 378 2173 Quamquam
400 2090 495 2154 Dioni
517 2114 564 2154 res
587 2090 664 2154 male
685 2091 791 2169 cessit,
808 2091 1008 2154 nihilominus
1022 2090 1187 2154 imitandae

185 2209 250 2272 eius
274 2209 400 2272 virtutes
424 2216 454 2272 et
477 2209 666 2293 sequendum
682 2209 873 2294 exemplum:
890 2209 1018 2284 ἰσονομίαν
1033 2208 1188 2273 reddenda

184 2327 321 2421 Siciliae,
353 2327 489 2411 undique
512 2329 545 2392 in
567 2328 715 2392 auxilinm
738 2329 852 2392 voeatis
876 2329 979 2392 amieis
1003 2334 1033 2391 et
1056 2329 1144 2391 sociis
1168 2351 1185 2392 e

185 2446 288 2511 Sicilia
310 2452 340 2510 et
362 2446 588 2532 Peloponneso,
612 2470 668 2512 nee
690 2470 753 2512 non
776 2448 922 2512 Athenis:
947 2448 1000 2513 είσί
1024 2449 1083 2527 yde
1099 2449 1188 2512 κοίκεί

184 2565 300 2630 πόντων
333 2566 481 2646 ἀνθρώπων
515 2566 695 2649 θιωφόροντες
729 2572 797 2646 πρὸς
831 2567 934 2647 riperta
964 2565 1120 2646 ξενοφόνων
1152 2591 1186 2630 τε

183 2683 285 2762 ἀνδρῶν
314 2689 463 2760 μισοῦντες
493 2684 619 2761 σόλμσις.
649 2708 678 2771 p.
704 2688 768 2748 336
793 2685 832 2748 D.
880 2686 923 2749 At
944 2707 1015 2748 vero
1043 2685 1098 2768 (ita
1121 2707 1186 2768 per·

184 2801 239 2885 git)
270 2800 393 2886 objiciat
420 2802 504 2885 quis:
541 2803 600 2866 ista
632 2803 843 2888 inposterum
866 2826 955 2868 curae
979 2810 1082 2881 erunt,
1106 2825 1189 2866 nune

183 2942 253 2983 vero
276 2926 396 3004 tempus
417 2927 506 3003 urget
526 2943 581 2984 nee
606 2920 785 3004 quotidiana
808 2920 935 2984 discidia
958 2929 988 2984 et
1010 2921 1079 2984 lites
1100 2943 1189 2984 euno

183 3039 319 3103 terinos
343 3039 458 3103 sinunt.
505 3040 554 3102 Ad
578 3040 652 3104 haee
676 3040 748 3103 audi
772 3039 846 3124 quid
869 3039 1060 3124 respondeat.
1107 3032 1189 3102 seire

184 3164 320 3243 oportet,
356 3158 474 3222 nullam
505 3160 589 3244 prius
617 3160 680 3222 fore
714 3160 945 3224 contentionum
975 3159 1066 3222 finem
1097 3181 1188 3242 quam

184 3277 312 3340 victores
342 3276 497 3341 moderate
528 3285 558 3341 et
589 3279 740 3362 sapienter
771 3301 802 3343 se
831 3285 937 3362 gerant
968 3285 998 3340 et
1028 3277 1123 3340 vietos
1151 3275 1189 3340 ed

219 3466 243 3526 1)
267 3465 304 3513 En
327 3481 408 3514 rursus
431 3469 458 3516 τὸ
480 3466 564 3534 τρίτον.
596 3464 685 3513 Crebro
703 3464 748 3513 hoe
767 3480 865 3512 numero
881 3462 944 3512 ludit
961 3467 1056 3520 noster,
1077 3462 1189 3511 nimirum
1284 3494 1291 3510 .

185 3560 240 3624 quia
265 3561 345 3609 neseio
369 3561 425 3624 qnid
450 3561 528 3609 arcani
554 3561 578 3609 in
604 3560 649 3608 hoe
672 3560 747 3608 inesse
771 3560 907 3624 putabatur.
925 3558 978 3607 Vid.
995 3573 1020 3621 p.
1038 3557 1085 3605 334
1103 3556 1134 3605 O:
1152 3564 1192 3618 τὴν

183 3658 253 3714 αὐτὴν
268 3658 396 3722 ξυμβουλὴν
411 3659 449 3706 καὶ
467 3659 528 3718 λόγον
544 3659 581 3706 τὸν
598 3657 663 3706 αὐτόν
678 3657 746 3718 λέγων
761 3655 804 3713 ἤδη
821 3657 897 3722 τρίτον
914 3657 1000 3721 τρίτοις
1018 3654 1078 3717 ὑμῖν.
1100 3667 1123 3716 p.
1143 3652 1190 3700 340

186 3755 219 3800 A:
238 3755 306 3802 ἐλθὼν
325 3749 382 3802 δὀὖν
397 3756 428 3802 τὸ
444 3754 555 3818 τρίτον,
569 3761 603 3817 τῷ
615 3760 702 3820 σωτῆρι
712 3754 780 3802 τοῦτο
790 3747 847 3814 γὀθν
859 3751 951 3818 ἔπραξα
962 3749 1035 3806 ὄντως.
1055 3747 1107 3796 Vid.
1119 3747 1191 3796 etiam

186 3865 209 3912 p.
227 3848 283 3895 345.
294 3849 323 3901 ,A
339 3847 367 3896 Β.
391 3854 463 3917 Χάριν
479 3851 553 3898 οἰωνοῦ
570 3846 721 3895 referendum
739 3846 768 3893 ad
786 3847 891 3912 εὔφημοι,
909 3845 964 3908 quia
981 3845 1025 3893 hoe
1037 3844 1093 3892 boni
1106 3842 1192 3892 ominis

185 3944 324 3993 habebatur.
355 3942 470 3992 Similiter
488 3943 550 4006 apud
567 3942 692 3991 Platonem
705 3942 734 3989 de
745 3941 817 4004 Legg.
830 3941 885 3999 III,
897 3939 947 3992 702
958 3939 991 3997 C,
1004 3938 1105 3997 Cliniae,
1118 3953 1192 4002 quum

186 4038 275 4102 aliquid
298 4042 433 4103 opportune
457 4042 615 4087 memoratum
640 4042 714 4095 esset,
739 4036 809 4094 dicit,
832 4052 856 4084 se
878 4036 903 4085 id
919 4039 996 4087 οἰωνόν,
1005 4055 1056 4086 τινα
1071 4038 1192 4086 ποιεῖσθαι.

187 4137 281 4184 Menex.
298 4149 322 4198 p.
340 4133 387 4182 249
405 4135 438 4182 B:
460 4139 534 4186 οἰωνοῦ
549 4139 617 4203 χάριν
634 4136 749 4202 ἄρχεσθαι
768 4136 824 4183 ίίνσιι
840 4136 877 4182 ἐπὶ
894 4139 933 4191 τὴν
949 4139 1060 4200 πατρῴαν
1076 4133 1160 4181 ἑστίαν.

1037 4223 1075 4283 3*
