2746 4950
651 346 712 406 146

177 552 210 620 τὸ
225 551 361 632 πράττειν
377 550 464 632 ἐστὶν,
482 554 499 627 ἡ
515 548 539 613 δ’
551 551 690 616 οὗθοοδείοο
704 551 807 632 ἐρημίᾳ
820 547 953 626 ξύνοικος.
976 547 1088 615 Simile
1103 549 1142 615 de
1157 573 1190 615 eo

155 750 166 769 ι
176 672 326 756 judicium
349 669 406 734 fert
426 668 623 746 PlutarchuS,
648 668 739 732 Dion.
762 689 788 732 c.
802 669 838 731 8:
859 669 964 744 οὶμέλεο
980 668 1009 734 δὲ
1028 669 1083 733 cxl
1103 669 1190 749 φύσει

177 789 243 854 τινὰ
265 789 298 853 τὸ
321 786 381 863 ἦθος
404 787 488 864 ὄγκον
511 783 592 868 εἶχεν
615 791 704 853 αὐτοῦ
728 787 777 852 acl
800 786 980 867 τραχύτητα
1002 787 1190 868 δυσπρόσοδον

178 907 299 982 ἐντεύξει
323 907 372 971 nal
395 905 603 984 δυσξύμβολον.
617 908 638 990 Ι)
652 905 762 986 ‘Quam
782 912 884 970 autem
901 906 988 970 exsul
1004 908 1192 970 excitaverat

177 1049 261 1112 spem
283 1025 488 1090 restituendae
510 1025 675 1102 libertatis,
700 1047 765 1089 eam
780 1025 906 1109 imperio
919 1024 1041 1110 potitus
1059 1047 1126 1090 nou
1143 1049 1191 1090 ex·

179 1145 292 1231 plevit,
325 1145 378 1208 sed
409 1143 467 1207 sibi
497 1143 689 1227 familiaeque
717 1165 789 1215 suae
821 1143 1026 1228 principatum
1052 1144 1191 1208 stabilire

179 1272 306 1328 conatus
330 1271 384 1327 est.
421 1261 508 1326 Idem
531 1261 724 1326 Heraclidem
748 1262 882 1325 consiliis
898 1263 961 1326 suis
977 1262 1191 1328 adversantem

180 1382 251 1447 dolo
276 1381 411 1445 sustulit.
442 1379 552 1464 Itaque
576 1380 713 1463 quamvis
738 1379 887 1444 nefarium
913 1382 1023 1444 merito
1039 1381 1192 1447 habeatur

180 1501 313 1586 Callippi
335 1500 470 1578 facinus,
506 1499 566 1563 Dio
597 1506 698 1563 tamen
722 1521 813 1564 suum
836 1500 901 1584 ipse
924 1500 1105 1585 exemplum
1128 1523 1192 1587 pas

180 1643 232 1684 sus
256 1625 310 1684 est.

223 1855 262 1920 In
283 1856 321 1919 iis
344 1863 446 1919 autem
469 1876 547 1938 quac
569 1853 657 1918 Plato
681 1853 719 1918 de
742 1876 773 1918 se
788 1854 853 1938 ipse
868 1853 997 1938 loquens
1011 1855 1190 1936 inducitur,

179 1973 263 2038 haud
292 1996 388 2060 pauca
418 1981 491 2036 sunt
512 1973 546 2037 in
577 1972 688 2056 quihus
710 1971 840 2036 nimium
868 1994 901 2036 se
923 1993 996 2036 suae
1020 1975 1192 2059 sapientiae

181 2100 211 2159 et
235 2116 358 2157 suarum
381 2092 507 2159 laudum
530 2113 708 2176 praeconem
734 2091 874 2175 praebet,
899 2091 984 2154 velut
1006 2092 1098 2156 iniis
1115 2116 1193 2178 quae

180 2213 310 2277 Diouem
335 2211 372 2276 de
395 2233 450 2276 sua
471 2210 664 2275 institutione
688 2209 837 2273 dicentem
860 2209 948 2287 facit,
971 2233 1001 2295 p.
1019 2212 1085 2276 327
1106 2210 1193 2289 OD,

182 2330 246 2396 328
282 2330 311 2393 D
352 2329 396 2407 E5
432 2338 485 2393 aut
530 2350 608 2413 quae
642 2328 680 2392 de
716 2351 772 2393 sua
805 2329 869 2413 ipse
904 2327 1049 2393 facultate
1086 2320 1195 2394 soiibit

181 2473 210 2534 p.
237 2452 299 2514 341
317 2448 363 2512 D:
387 2449 479 2513 κοοίτοο
502 2447 614 2513 τοσόνδε
637 2448 668 2523 γ’
680 2443 747 2512 olla
768 2445 809 2512 ὅτι
833 2448 990 2530 propiora
1009 2449 1026 2524 ἢ
1042 2450 1195 2530 λεχθέντα

181 2570 230 2633 ὑπ’
253 2572 324 2645 ἐμοῦ
343 2567 475 2644 βέλτιστ’
494 2565 530 2630 ἂν
552 2567 688 2646 λεχθείης
712 2575 767 2630 aut
790 2588 886 2649 quum
910 2566 1050 2652 Dionysii
1074 2569 1195 2654 scripta

181 2685 329 2771 quaedam
351 2684 575 2770 reprehendens
598 2683 689 2762 dicit,
714 2708 743 2769 p.
769 2687 834 2748 344
850 2684 895 2747 D:
912 2684 965 2750 εἴτ’
982 2682 1028 2750 οὖν
1044 2688 1194 2758 Διονύσιος

181 2804 295 2885 ἔγραψέ
329 2829 356 2868 το
386 2807 442 2868 τῶν
474 2804 536 2882 περὶ
567 2804 683 2882 Φύσεως
710 2800 802 2883 ἄκρον
836 2803 885 2867 acl
916 2803 1032 2883 πρώτων
1061 2803 1125 2868 εἴτε
1149 2829 1194 2876 τος

182 2924 312 2989 §adarca
342 2921 402 2988 εἴτε
424 2921 545 3003 μείζων,
580 2924 616 2992 ὡς
651 2921 726 2986 οὐδὲν
760 2922 885 2997 ἀκηκοὼς
920 2922 981 2987 οὐδὲ
1014 2926 1195 3000 μεμαθηκὼς

183 3036 215 3116 ἦν
235 3042 313 3117 ὑγιὲς
336 3038 371 3107 ὧν
391 3040 521 3120 ἔγραψε,
546 3041 626 3104 κοοτοὶ
647 3039 696 3104 τὸν
719 3039 786 3116 ἐμὸν
803 3040 907 3117 λόγοος
920 3047 974 3102 aut
990 3061 1085 3123 quum
1102 3040 1194 3106 illum

182 3160 342 3244 vituperat
357 3158 440 3243 quod
463 3179 525 3221 non
548 3156 649 3220 debito
672 3179 704 3220 se
727 3156 841 3220 honore
860 3165 1044 3243 prosecutus
1056 3165 1150 3237 esset,
1163 3182 1193 3245 p.

183 3279 246 3342 345
264 3276 305 3341 O:
323 3283 383 3348 πῶς
402 3276 438 3342 dv
458 3278 499 3353 μὴ
518 3277 686 3353 θουμοοοτὸς
707 3275 742 3339 ὢν
761 3273 902 3355 ἄνθρωπος
917 3277 964 3338 τὸν
981 3275 1118 3351 ἡγεμόνα
1130 3278 1196 3344 τού·

180 3422 237 3462 τωο
260 3396 309 3461 acl
326 3396 415 3477 κύριον
434 3392 521 3466 οὕτως
537 3397 660 3474 εὐχερῶς
677 3394 804 3470 tripart
823 3397 887 3458 ποτ’
902 3391 956 3471 olm
974 3392 1087 3457 Credat
1103 3397 1196 3480 quis,

181 3514 264 3599 quod
288 3513 430 3578 nonnulli
453 3513 481 3576 ei
497 3512 706 3596 imputarunt,
723 3510 891 3595 superbum
906 3511 999 3574 fuisse
1012 3511 1181 3578 Platonem
1187 3541 1197 3593 3

179 3642 210 3697 at
233 3633 347 3719 optime
370 3639 450 3695 corte
466 3630 551 3694 novit
566 3629 641 3714 quid
656 3629 794 3708 deceret,
811 3636 841 3693 et
857 3628 996 3714 putidam
1013 3629 1195 3698 istiusmodi

180 3750 386 3837 arrogantiam
409 3749 498 3814 stilus
522 3750 587 3814 aius
604 3771 727 3835 prorsus
745 3749 870 3832 respuit.
899 3747 978 3812 Sunt
993 3749 1086 3813 etiam
1103 3771 1199 3834 quae·

217 4025 240 4083 1)
258 4023 296 4072 of.
317 4022 374 4072 rua
392 4038 411 4070 ο.
430 4022 469 4070 aa.
489 4021 639 4079 Aristocles,
657 4020 729 4068 rora.
749 4020 783 4076 v,
802 4019 832 4066 10
850 4019 879 4066 ae
895 4033 923 4066 eo
940 4017 1011 4066 riou:
1029 4005 1069 4070 aa
1087 4025 1197 4089 uma

184 4129 218 4187 τῷ
233 4122 321 4190 ὑπέρῳ
337 4122 392 4172 Δίων
407 4123 436 4170 la
453 4121 517 4169 έθηο
534 4117 571 4167 διὰ
588 4121 615 4168 τὸ
631 4122 818 4186 καταφρονεῖν
834 4117 879 4165 art.
