2746 4950
653 379 715 438 ala

181 585 251 661 des,
277 583 376 647 media
399 583 507 646 horum
531 583 648 646 faciunt
663 585 807 660 μίγματα
824 605 860 645 ex
876 581 1022 646 ambobus
1038 581 1099 644 illis
1115 603 1185 644 con·

181 703 269 778 flata3
301 701 436 772 ὡσαύτως
468 701 513 776 δὲ,
538 699 639 777 addit,
664 700 712 764 acl
743 701 766 764 οἱ
793 701 858 780 τρία
880 701 1016 777 λέγοντες
1022 749 1031 777 ,
1055 699 1184 779 καθοὶσερ

182 823 307 886 Πλαταν
330 823 358 884 έν
381 828 463 891 ταῖς
487 814 719 899 διαιρέσεσιν·
743 819 776 883 τὸ
798 820 857 898 γὰρ
880 821 965 896 μέσον
985 820 1183 896 μίνριαιιοιεῑ.

182 938 338 1018 Quorsum
362 944 500 1022 spectant
524 938 580 1001 hae
603 937 769 1016 διαιρέσειςΡ
816 937 908 1018 Quod
931 938 982 1001 hic
1002 942 1186 1001 memoratur

181 1057 287 1133 μίγμα
311 1055 439 1140 quadrat
460 1057 549 1140 plane
565 1079 634 1119 curn
651 1055 687 1118 iis
704 1055 829 1138 quaein
845 1054 968 1118 Timaeo
984 1057 1024 1139 (p.
1044 1057 1185 1137 arr-52)

119 1221 121 1224 -
182 1174 220 1237 de
250 1174 359 1238 mundi
386 1174 541 1237 elementis
572 1175 684 1258 scripte
708 1182 797 1249 sunt,
825 1172 878 1236 ubi
902 1173 975 1236 haec
999 1172 1057 1236 tria
1080 1172 1186 1237 distin-

182 1302 334 1377 guuntur:
352 1293 450 1369 ideae,
463 1316 510 1356 res
527 1292 740 1377 aspectabileS,
758 1301 788 1356 et
801 1295 817 1368 ἦ
829 1291 945 1369 μεταξὺ
960 1292 1066 1357 τούτων
1081 1293 1183 1372 φύσις,

181 1412 212 1474 h.
234 1435 259 1475 e.
283 1413 421 1476 materies
437 1411 538 1476 medie
552 1412 632 1475 inter
648 1411 735 1476 ambo
751 1411 805 1499 illa
821 1419 851 1474 et
867 1411 1025 1475 amborum
1041 1431 1184 1488 consona,

182 1553 273 1614 quarn
305 1530 484 1594 Aristoteles
509 1553 563 1615 pro
587 1553 643 1594 suo
666 1531 812 1615 loquendi
835 1554 894 1595 usn
917 1540 987 1615 apte
1009 1532 1114 1608 ροέρρια
1137 1551 1187 1614 ap·

181 1651 295 1736 pallara
325 1651 436 1736 potuit.
483 1650 530 1713 Ex
559 1651 633 1735 ipsis
662 1659 764 1715 tamen
794 1650 892 1716 verbis
915 1653 1041 1716 Πλοέτιον
1069 1653 1097 1714 ἐν
1119 1656 1186 1719 ταῖς

181 1766 346 1848 διαιρέσεσιν
380 1775 517 1853 apertum
551 1777 597 1832 est
632 1769 827 1844 Aristotelem
861 1777 976 1833 certum
1003 1768 1115 1832 librum
1139 1767 1186 1830 vel

181 1887 432 1951 commentarium
464 1887 502 1951 ob
533 1887 637 1950 oculos
668 1888 796 1965 habere,
829 1888 883 1972 qui
906 1888 1041 1951 Platonis
1066 1885 1187 1950 nomine

181 2007 320 2070 ferretur.
367 2005 438 2085 Quo
461 2013 562 2069 autern
586 2007 635 2069 hic
658 2006 768 2070 titulus
793 2014 925 2091 spectet,
942 2003 1121 2089 interpretes
1140 2025 1187 2066 ve·

180 2134 261 2190 teres
292 2146 386 2208 aeque
417 2148 450 2188 ao
480 2126 662 2189 recentiores
686 2124 839 2189 dubitant.

227 2242 399 2306 Alexander
430 2243 632 2328 Aphrodisius
663 2244 838 2308 testimonio
869 2243 992 2307 Ioannis
1024 2241 1187 2326 Philoponi

181 2361 267 2449 adli.
281 2362 301 2424 l.
319 2364 340 2444 Ι)
360 2360 540 2438 declaravit,
564 2364 620 2433 τοὶς
643 2365 803 2444 φερομένοις
826 2363 981 2434 Πλάτωνος
1001 2361 1186 2439 διαιρέσεις

181 2481 356 2562 νοθεύεσθαι,
388 2481 576 2566 conjecitqne
608 2481 780 2545 Aristotelis
812 2483 903 2546 verba
932 2481 970 2546 ad
998 2505 1032 2545 ea
1055 2480 1186 2564 quaein
1212 2515 1223 2527 κ

181 2598 326 2683 Sophiste
341 2598 485 2684 leguntur
502 2606 647 2683 spectare.
672 2599 786 2663 Contra
802 2622 878 2684 quae
891 2600 1081 2685 Philoponus
1097 2598 1187 2661 dicit:

181 2719 274 2782 ἰστέον
297 2718 320 2780 δ’
333 2716 374 2783 ὅτι
398 2724 505 2797 πρῶτον
535 2719 588 2792 ,αὲν
611 2719 795 2799 διαιρέσεις
818 2721 973 2790 niatronae
997 2717 1067 2790 ὅλως
1092 2721 1189 2794 ε’τιγε-

181 2837 352 2916 γραραροέναι
375 2841 406 2903 οὐ
429 2839 578 2919 φέρονται,
610 2841 638 2903 έν
666 2839 695 2902 δὲ
724 2843 764 2919 τῲ
788 2848 921 2921 Σοφιστῇ
952 2840 1028 2903 οὐδὲν
1051 2841 1189 2918 φαίνεται

139 3003 142 3006 <
181 2963 306 3021 τοιοῦτον
321 2956 334 3021 ὃ
349 2957 475 3022 Πλοὶτον
490 2956 583 3033 λέγων
598 2953 650 3021 οἷον
665 2957 772 3036 εἴρηται
788 2960 926 3022 ἐνταῦθα
951 2957 1100 3042 posterius
1117 2978 1188 3019 sane

183 3096 286 3138 verum
300 3074 340 3158 ²);
373 3074 504 3158 denique
542 3075 645 3153 addit,
677 3075 864 3160 probabilius
896 3077 953 3140 sibi
983 3075 1079 3139 videri
1107 3073 1189 3158 quod

184 3192 357 3257 Alexander
379 3193 522 3258 ultimum
546 3195 666 3281 posuit,
690 3197 813 3276 φάσκον
837 3196 898 3273 περὶ
930 3201 985 3259 τῶν
1014 3195 1190 3275 οὶνροέφον

184 3311 376 3388 δονματαν
409 3313 506 3388 λέγειν
535 3312 583 3376 τὸν
615 3314 831 3391 Ἀριστοτέλην,
856 3310 930 3391 ἑέσερ
955 3314 1040 3384 αὐτὸς
1063 3316 1190 3387 Ἀριστο-

183 3430 269 3504 τέλνς
293 3432 503 3513 οὶσενροέφετο,
531 3431 704 3497 καὶταῦτα
725 3441 826 3497 καλεῖν
850 3435 1050 3512 διαιρέσεις.
1096 3430 1190 3496 Note-

184 3570 253 3612 rnns
277 3565 355 3632 quae
375 3549 421 3611 his
438 3543 526 3612 dictis
543 3539 766 3614 contineantur.
796 3550 967 3614 Alexander
986 3550 1189 3634 Aphrodisius

184 3667 359 3745 contendit,
391 3689 468 3751 quae
499 3690 554 3730 sua
589 3675 687 3731 aetate
721 3670 808 3750 (vixit
839 3678 940 3733 autem
970 3669 1096 3733 ineunte
1130 3693 1192 3732 sae·

220 3895 242 3956 l)
260 3895 295 3944 Io.
312 3896 441 3960 Philoponi
459 3896 537 3946 locum
556 3897 677 3962 integram
694 3897 820 3962 descripsit
837 3898 946 3947 Brendis.
964 3899 981 3947 l.
1000 3899 1016 3946 l.
1036 3916 1059 3963 p.
1078 3900 1116 3948 12.

217 3972 242 4052 ἒ)
260 3993 340 4056 Aeque
364 3997 427 4042 erret
449 3993 693 4057 'Prendelenburgius‚
715 3993 778 4043 libro
800 3971 863 4043 laud.
888 4011 911 4059 p.
930 3995 975 4053 19,
995 4011 1067 4059 qnunr
1086 3995 1109 4044 h.
1129 3997 1144 4045 l.
1162 3997 1191 4045 ab

184 4087 315 4137 Aristotele
339 4089 467 4153 significari
489 4092 559 4153 putat
579 4105 638 4152 quae
664 4090 692 4138 de
709 4090 783 4139 animi
806 4095 891 4139 natura
913 4096 937 4140 et
962 4090 1085 4140 elementis
1110 4093 1191 4157 legun·

167 4187 225 4233 'tur
241 4182 267 4232 in
285 4183 382 4234 Timaeo
398 4200 422 4250 p.
440 4186 481 4234 35:
500 4184 532 4232 ibi
550 4184 612 4235 enim
629 4201 706 4237 sermo
724 4190 760 4237 est
777 4187 806 4235 de
822 4186 945 4237 elementis
959 4187 1069 4241 universi.

1146 4308 1153 4335 l
