2746 4950
694 336 754 395 199

219 564 264 602 acc
295 542 387 606 τκύτὸ
419 548 478 611 τοῖς
513 542 609 604 atera
641 541 707 604 τότε
738 541 792 616 μὲν
820 540 942 623 δίκαιον,
974 538 1044 604 ύτοιν
1067 541 1095 602 a
1117 540 1223 617 βούλη-

217 681 284 737 τοοι,
317 658 411 722 άδικον
442 657 583 740 (Phaedr.
615 680 645 741 p.
679 660 741 720 261
773 656 827 740 C),
860 657 990 741 denique
1024 658 1160 722 homines
1188 680 1222 721 eo

217 778 360 854 adducit,
380 787 417 841 ut
434 782 490 841 τῶν
508 777 695 855 προογμάτων
714 776 820 847 οὐδενὸς
839 777 916 840 οὐδὲν
928 777 1087 852 carrucae}
1101 776 1223 853 βέβαιον

217 918 282 960 esse
305 895 430 959 credant
452 894 577 978 (Phaed.
601 916 631 979 p.
656 897 697 958 90
722 893 769 978 Ο).

262 1130 295 1195 Si
333 1139 436 1194 autem
466 1131 513 1194 his
545 1131 578 1194 in
608 1130 698 1194 rebus
731 1130 858 1215 epistola
885 1131 1089 1215 maximopere
1117 1130 1224 1194 aPla·

217 1250 298 1312 tonis
328 1249 478 1312 sententia
509 1249 644 1327 aberrat,
676 1257 748 1312 sunt
774 1258 875 1313 tamen
899 1249 931 1312 in
955 1272 990 1313 ea
1013 1271 1089 1333 qnae
1112 1249 1223 1334 partim

217 1390 286 1431 cum
322 1367 369 1430 his
392 1389 468 1450 quos
488 1367 578 1431 attuli
606 1367 716 1452 partim
740 1389 810 1430 oum
834 1368 901 1430 aliis
922 1367 1059 1431 Platonis
1082 1367 1157 1431 locis
1180 1368 1223 1431 ita

217 1487 400 1562 concinunt,
434 1493 468 1548 ut
497 1485 634 1549 Platonis
665 1485 756 1549 verba
787 1486 973 1570 ascriptore
997 1508 1136 1570 expressa
1159 1508 1223 1549 esse

180 1623 186 1647 ⁴
216 1605 304 1667 facile
328 1614 480 1689 appareat.
518 1602 655 1668 Primum
679 1625 757 1686 quae
773 1604 847 1667 dicit
864 1606 904 1688 (p.
919 1606 981 1667 343
995 1603 1036 1686 D)
1049 1603 1087 1666 de
1100 1604 1222 1668 homine

216 1722 391 1787 dialecticae
408 1723 480 1786 artis
493 1723 648 1807 imperito,
662 1731 698 1786 ut
714 1745 731 1786 a
747 1724 844 1807 perito
860 1723 891 1786 in
908 1722 1094 1807 disputando
1110 1723 1222 1808 decipi·

217 1851 287 1907 atur
306 1849 336 1904 et
358 1843 617 1919 εύκκτοιγέλοοστος
637 1841 798 1918 reddatur,
822 1865 856 1905 ea
875 1842 1030 1926 scripsisse
1045 1841 1166 1905 videtur
1182 1842 1220 1905 ad

217 1961 448 2025 similitudinem
471 1960 676 2045 Euthydemi,
701 1962 733 2024 in
757 1983 818 2044 quo
840 1959 961 2044 dialogo
977 1960 1113 2045 sophista
1133 1960 1220 2024 indu-

216 2083 297 2145 citur
324 2080 543 2144 adolescentem
566 2079 692 2145 eludens
715 2088 745 2144 et
768 2080 993 2156 κκτκγέλκοτον
1012 2079 1157 2157 reddens,
1174 2081 1221 2144 διά

216 2202 268 2274 τὴν
279 2205 334 2263 τῶν
346 2198 490 2277 ὀνομάτων
502 2200 642 2279 διάφοράν
656 2199 846 2280 ὑποσκελίζων
857 2199 907 2263 acl
919 2198 1087 2279 άνκτρέπων
1100 2202 1140 2283 (p.
1157 2199 1219 2264 278

217 2319 275 2402 Β.).
326 2318 413 2398 Quae
449 2317 591 2402 deinceps
618 2317 757 2401 Epistola
786 2318 834 2381 his
861 2317 1036 2403 subjungit:
1067 2320 1116 2382 axi
1148 2324 1224 2382 ποιεῖ

215 2439 263 2502 τὸν
293 2436 480 2514 ἐξηγούμενον
513 2439 541 2501 ἐν
571 2436 668 2514 λύγοις
695 2437 712 2512 ἢ
737 2439 911 2514 γράμμοισιν
936 2437 952 2512 ἢ
975 2439 1139 2516 άποκρίσεσι
1162 2445 1220 2509 τοῖς

216 2564 333 2626 πολλοῖς
358 2564 412 2620 τῶν
435 2556 590 2621 ἀκουόντων
622 2556 710 2620 δοκεῖν
737 2556 824 2633 μηδὲν
847 2550 1016 2631 γιγνώσκειν
1048 2552 1083 2620 ὧν
1106 2555 1142 2620 άν
1161 2557 1221 2620 ε’πι-

214 2676 297 2755 χείρρ
324 2678 449 2758 γράφειν
480 2675 497 2750 ά
524 2678 638 2752 λέγειν,
662 2676 839 2751 άγνύούντον
870 2675 947 2739 ἕνιόύ’
979 2677 1015 2747 ὠς
1045 2677 1102 2755 οὐχ
1125 2678 1141 2749 ἡ
1165 2681 1220 2738 τῶν

214 2794 359 2871 τεττάρων
380 2793 469 2875 Φύσις
491 2794 614 2857 ἑκάστου
637 2794 706 2857 άλλ’
732 2796 748 2868 ἡ
771 2794 859 2873 ψυχά
880 2798 931 2856 τού
954 2791 1123 2872 γράψοιντος
1144 2792 1220 2865 άλὲ-

214 2913 317 2988 {aecor
340 2913 502 2993 ἐλέγχετκι
521 2919 672 2994 πεφυκυῖοι
694 2911 834 2990 paduae:
863 2910 937 2974 hacc
953 2890 1076 2995 prorsus
1096 2933 1219 2996 respon·

215 3029 289 3094 dent
323 3031 360 3093 iis
395 3052 473 3114 quae
507 3029 589 3114 apud
617 3028 775 3093 Platonem
803 3028 947 3113 legrmtur
976 3028 1009 3092 in
1037 3028 1218 3107 Phaedone,

215 3171 244 3232 p.
270 3151 310 3212 99
336 3148 382 3225 D,
411 3147 464 3212 ubi
487 3147 624 3211 Socrates
648 3145 725 3209 illud
748 3146 951 3230 maximopere
971 3145 1137 3210 dolendum
1152 3170 1219 3211 ceu-

215 3274 277 3345 set,
302 3266 327 3328 si
350 3267 418 3350 quis
441 3276 478 3347 τῇ
498 3267 666 3345 άνπιλογικῇ
690 3265 752 3327 sive
771 3263 847 3327 falsa
866 3263 1024 3328 dialectice
1042 3286 1077 3328 eo
1095 3264 1219 3349 perduo-

214 3396 264 3448 tus
295 3394 331 3449 ut
361 3384 438 3449 nihil
468 3408 573 3449 verum
596 3392 650 3450 aut
677 3392 792 3448 certum
816 3407 880 3448 esse
905 3384 1083 3462 arbitretur,
1109 3384 1219 3449 deiude

214 3507 255 3580 uh
277 3505 377 3568 ἑαυτὸν
401 3505 515 3583 οάτιῷτο
538 3503 610 3579 μηδὲ
633 3506 684 3576 τὴν
708 3504 810 3566 ἑωυτοῦ
834 3502 993 3585 άτεχνίοον,
1017 3504 1100 3568 άλλά
1119 3518 1218 3567 τελευ-

213 3628 267 3685 τῶν
290 3622 336 3686 διά
360 3623 392 3686 τὸ
415 3622 520 3697 άλγεῖν
542 3620 666 3699 άσμενος
690 3623 737 3685 ε’πι
761 3622 826 3692 τοὺς
849 3620 953 3696 λόγους
976 3623 1033 3702 ἀφ’
1048 3622 1151 3685 ἑαυτοῦ
1166 3625 1218 3695 τὴν

214 3744 310 3805 κῐτύοιν
332 3741 500 3818 άπύσοιιτο,
525 3742 572 3817 „si
596 3746 683 3824 putet
706 3738 828 3824 culpam
851 3762 914 3802 non
936 3741 969 3804 iu
992 3762 1047 3803 sua
1062 3740 1159 3825 ipsius
1174 3742 1218 3805 in·

214 3861 301 3923 scitia
323 3860 452 3944 positam
475 3881 539 3923 esse
557 3857 724 3945 (Epistolaz
749 3860 805 3938 οὐχ
825 3861 841 3934 ά
865 3861 951 3940 ψυχά
974 3865 1024 3924 τοῦ
1047 3858 1217 3938 γράφοντος

215 3976 389 4053 ύλέξκντος
417 3979 605 4063 ἕλε’γχετκι),
637 3977 689 4042 sed
721 3978 752 4041 in
776 3978 867 4042 rebus
895 4000 970 4062 quas
998 3985 1108 4042 tractat
1135 3978 1218 4064 (Epi-

213 4097 307 4161 stola:
331 4099 433 4174 άλλὴ
456 4098 546 4180 φύσις
561 4096 727 4181 ἑκάστου).”
759 4097 888 4169 Dictum
906 4097 1010 4168 κύκλος
1033 4105 1086 4161 τῶν
1102 4099 1130 4160 ἐν
1150 4107 1216 4171 ταῖς
