2746 4950
708 366 767 426 160

229 572 345 636 τίλεσιι
367 572 506 644 ἑκάσταις
529 573 704 648 κεκτημένοι.
737 570 775 636 In
798 571 897 636 verbis
909 580 1035 639 notetur
1047 574 1130 640 illud
1142 576 1235 649 πόλεις

229 691 446 770 ἐκβεβλημένου
462 713 517 777 pro
533 691 694 756 άιάστατοι
707 692 921 770 reymundum
938 693 1020 776 quod
1038 716 1112 759 vero
1124 695 1166 759 nd
1177 718 1235 760 rem

229 811 357 890 attinet,
388 811 463 875 heco
494 833 586 896 supra
608 833 714 874 verum
737 817 826 874 aucte
849 819 894 875 est
917 821 947 875 et
969 819 1079 901 contre
1100 813 1235 879 Plutonis

229 930 419 994 sententiam.
444 928 537 1011 Quod
557 929 631 994 dicit
650 930 851 994 Athenienses
863 929 952 994 LXX
964 953 1061 996 annos
1079 936 1236 1013 ἡγεμονίαι

228 1049 363 1114 tenuisse
372 1099 381 1128 ,
411 1050 443 1116 in
466 1048 523 1112 hoc
546 1048 679 1113 rotundo
699 1071 825 1113 numero
840 1072 914 1113 usus
930 1057 993 1127 est;
1009 1072 1084 1114 nam
1100 1053 1127 1115 si
1143 1074 1235 1117 annos

228 1177 440 1253 computemus
472 1189 490 1231 e
519 1169 687 1232 constitute
718 1168 895 1253 hegemonio
921 1191 978 1254 ope
1001 1170 1153 1234 Aristidis
1177 1171 1235 1256 (01.

231 1290 289 1366 75,
321 1291 360 1365 υς
392 1310 419 1351 υ.
451 1285 486 1350 Ο.
515 1289 591 1371 477)
615 1286 653 1350 ed
676 1285 793 1351 cladem
815 1287 847 1350 in
870 1285 988 1365 Sicilia,
1014 1309 1111 1371 quam
1134 1297 1236 1354 secute

229 1416 275 1472 est
298 1407 448 1471 sociorum
472 1405 600 1469 defectio
624 1403 685 1489 (01.
711 1407 768 1482 92,
794 1407 826 1483 l,
848 1426 874 1469 a.
892 1403 926 1471 O.
948 1407 1040 1490 412),
1062 1429 1101 1471 en
1117 1407 1236 1472 duravit

228 1531 348 1589 tentum
372 1523 460 1588 LXV
484 1547 588 1588 annos.
626 1522 686 1588 Sed
712 1523 770 1604 hoc
793 1532 828 1587 ut
851 1523 1071 1602 concedemus,
1097 1525 1235 1612 ineptum

169 1692 173 1697 .
229 1652 274 1708 est
297 1642 380 1727 quod
403 1641 478 1706 dicit
501 1642 702 1706 Athenienses
721 1642 884 1726 imperium
909 1650 1027 1706 tutatos
1048 1666 1117 1708 esse
1132 1643 1234 1726 ἄνδρας

227 1764 330 1843 Φίλιος
346 1764 375 1826 ἕν
390 1769 457 1831 ταῖς
473 1760 574 1826 τίλεσι
590 1762 729 1832 ἑκάσταις
744 1761 942 1837 κεκτημένους.
971 1759 1131 1826 Nimirum
1147 1765 1234 1845 φιλία

226 1883 285 1946 iste
308 1883 341 1945 in
364 1904 399 1945 eo
423 1881 601 1945 cernebatur
624 1880 706 1964 qnod
730 1879 928 1965 popularibus
947 1887 1055 1944 contre
1070 1883 1233 1966 optimates

226 2001 384 2078 favebant,
408 2001 501 2085 idque
523 2022 585 2064 non
609 2000 704 2084 magis
728 2001 824 2085 gretia
840 2021 931 2084 quam
946 2001 976 2063 vi
992 2007 1023 2063 et
1039 2002 1144 2065 armis.
1170 2001 1235 2065 Plo·

226 2121 307 2184 tonis
331 2127 431 2184 autem
443 2119 575 2205 judicio,
593 2118 675 2202 quod
686 2117 801 2202 legitur
811 2119 843 2181 in
856 2118 977 2202 dialogo
991 2117 1127 2203 Gorgia,
1144 2122 1235 2185 Athe·

226 2261 335 2303 narum
358 2238 481 2315 civitas,
506 2236 636 2301 ducibus
658 2235 875 2314 Themistocle,
900 2235 1025 2300 (limone
1046 2244 1077 2300 et
1096 2237 1233 2315 Pericle,

226 2380 418 2443 nequaquam
441 2357 508 2421 aliis
539 2356 677 2441 exemplo
700 2356 830 2441 proponi
853 2365 987 2439 poteram
1012 2363 1105 2440 etque
1130 2357 1163 2422 in
1180 2358 1235 2421 hoc

225 2478 292 2564 ipso
316 2478 382 2543 loco
406 2477 454 2561 (de
478 2474 572 2560 Legg.
598 2499 628 2560 p.
655 2477 671 2540 7
676 2478 716 2539 01
742 2477 784 2554 A,
808 2475 846 2559 B)
870 2474 957 2539 dicit:
982 2475 1046 2540 ιἰντί
1068 2477 1236 2556 άριστοκρα·

225 2596 291 2668 τίας
322 2597 350 2661 ἕν
381 2598 457 2675 αὐτῇ
488 2594 692 2674 θεατροκρατία
717 2616 761 2665 τις
784 2594 890 2674 πονηρά
912 2594 1049 2671 γέγονεν,
1074 2614 1171 2676 quam
1194 2617 1236 2658 se·

225 2720 298 2778 cute
320 2720 366 2777 est
389 2714 555 2791 παρανομία
578 2719 608 2774 et
630 2709 842 2790 άναισχυυτία,
866 2711 913 2775 διά
935 2711 968 2784 δή
987 2733 1060 2782 τινος
1072 2711 1234 2792 ἐλευθερίας

225 2835 292 2899 λίαν
315 2833 601 2911 άτοτετολακμέικς.
618 2833 641 2916 ¹)

269 3068 368 3134 Venio
391 3068 429 3132 ad
452 3067 620 3154 Ilpistolam
643 3066 739 3144 VIII,
767 3089 797 3151 p.
822 3068 886 3130 354
902 3065 944 3144 B,
968 3065 1021 3130 ubi
1037 3065 1075 3130 de
1090 3065 1235 3153 Lycurgo

226 3188 300 3252 haec
328 3188 491 3272 leguntur:
522 3188 616 3257 δείσας
646 3186 709 3264 περὶ
739 3193 792 3257 τῆς
823 3185 911 3249 αὑτοῦ
942 3185 1051 3256 πόλεως
1082 3182 1155 3262 ἅμα
1187 3187 1234 3251 καί

225 3307 341 3384 γένους,
372 3306 528 3387 Φάρμακον
558 3306 700 3381 ἐπήνεγκε
727 3305 780 3378 τὴν
811 3308 866 3367 τῶν
896 3304 1033 3383 γερόντων
1055 3303 1154 3384 dcxiv
1177 3304 1235 3369 καί

170 3465 180 3488 s
224 3425 281 3489 τὸν
311 3430 376 3488 τῶν
407 3424 539 3505 ἐφόρων
562 3424 694 3501 δεσμὸν
716 3432 768 3498 τῆς
790 3422 947 3499 βασιλικῆς
969 3422 1065 3502 άοχῆς
1087 3424 1234 3503 σωτήριον.

225 3542 359 3627 Scriptor
390 3542 422 3606 in
453 3541 500 3604 his
525 3549 647 3605 secutus
671 3547 715 3605 est
738 3539 896 3603 Platonem
920 3538 958 3602 de
980 3536 1076 3622 Legg.
1105 3537 1179 3618 III,
1204 3563 1233 3626 p.

226 3663 287 3724 691
312 3659 356 3738 Ε,
381 3660 433 3723 sed
457 3661 515 3739 ita,
542 3667 577 3724 ut
599 3660 636 3724 eb
653 3661 725 3745 ejus
748 3666 850 3723 mente
866 3665 896 3721 et
912 3657 1062 3722 sententia
1078 3656 1235 3724 aberrasse

224 3779 371 3843 videatur.
403 3779 540 3844 Platonis
563 3779 654 3844 verba
672 3779 746 3843 haec
768 3786 856 3841 sunt:
877 3777 954 3852 θεὸς,
967 3773 1064 3854 οἶμαι,
1078 3776 1235 3855 κηδόμενος

225 3899 301 3973 ὑμῶν
329 3922 372 3969 τις
386 3949 393 3963 .
408 3948 437 3964 .,
461 3899 573 3975 δίδυμοι
597 3899 663 3973 ὑμῖν
685 3897 837 3980 φυτεύσας
860 3897 911 3970 τὴν
933 3902 988 3960 τῶν
1010 3894 1159 3972 βασιλέων
1184 3896 1234 3974 γέ-

239 4064 429 4076 *—

258 4172 281 4233 1)
298 4172 336 4224 Of.
354 4174 383 4223 de
399 4173 472 4231 (leet,
489 4170 597 4220 Dietrihc
613 4171 639 4219 in
657 4171 727 4223 Polit.
744 4170 839 4226 Platon.
857 4169 946 4233 princ,
967 4186 990 4236 p.
1008 4168 1039 4216 35
1056 4183 1111 4232 sqq.
