2746 4950
616 305 655 366 15

176 509 292 573 Eodem
308 516 495 594 syntagmate
513 510 563 574 usi
578 533 643 606 esse
657 510 800 574 videntur
814 509 1012 589 Plutarchus,
1030 509 1136 576 Aelius

132 629 302 709 Aristides,
326 628 495 708 Lucianus,
520 630 669 708 Albinus,
684 631 708 714 ¹)
732 628 896 715 Origenes,
913 631 1005 694 ceteri
1024 631 1137 743 saepnli

72 774 75 779 ·
131 748 165 811 Π
188 755 219 811 11
240 747 293 812 ΙΠ
316 749 493 833 scriptores,
518 749 670 833 aquibus
694 749 829 813 diversae
852 749 1008 834 Epistolae
1023 752 1136 836 passim

133 868 275 931 citantur.
289 870 313 952 2)
341 867 399 931 His
427 847 499 932 vero
527 869 682 952 antiquior
705 868 792 932 testis
816 876 861 933 est
885 868 1007 946 Cicero,
1033 891 1050 932 1
1073 891 1135 953 quo

131 986 207 1071 Epp.
221 986 259 1064 V,
276 986 341 1050 VII
356 994 386 1051 et
402 987 450 1050 IX
464 987 639 1051 laudantur.
664 986 759 1072 Cujus
771 988 981 1051 testimonium
997 988 1088 1073 siper
1104 1011 1136 1051 se

131 1127 193 1169 uon
219 1107 297 1170 tanti
325 1114 371 1170 est
393 1114 430 1170 111
451 1107 510 1190 ipsi
533 1106 656 1170 Platoni
679 1106 886 1170 attribuantur
910 1107 958 1190 (cf.
983 1107 1136 1191 Wiegand

130 1211 199 1309 pag.
215 1226 313 1309 11111),
331 1230 362 1288 11
377 1224 483 1289 Cicero
499 1224 530 1288 id
543 1225 659 1309 accepit
671 1225 708 1289 ab
720 1224 898 1308 aequalibus
915 1232 945 1288 et
956 1226 1133 1310 majoribus,

131 1343 313 1408 Academiae
334 1343 504 1421 sodalibus,
519 1344 601 1408 unde
617 1344 746 1408 efficitur
761 1344 799 1408 ab
814 1344 862 1408 his
878 1366 1000 1429 quoquc
1015 1343 1136 1429 Episto-

129 1462 175 1526 las
197 1462 290 1547 vulgo
310 1484 365 1547 pro
381 1461 547 1526 Platonicis
562 1462 682 1527 habitas
699 1485 773 1526 esse.
799 1463 918 1527 Horum
936 1470 1037 1526 autem
1054 1472 1136 1527 aetas

130 1604 226 1664 quum
249 1604 312 1645 non
334 1589 396 1645 tam
417 1581 508 1666 longe
524 1580 561 1645 ab
578 1581 854 1645 Alexandrinorum
871 1583 1136 1666 grammaticorum

129 1699 317 1784 temporibus
344 1706 460 1763 remota
483 1699 538 1776 sit,
560 1700 622 1784 jam
643 1722 678 1762 eo
694 1698 875 1764 deducimur
888 1708 926 1764 ut
941 1700 1137 1785 probabiliter

131 1827 265 1882 statuere
295 1818 402 1896 liceat,
435 1818 554 1881 easdem
585 1819 745 1903 epistolas,
777 1819 888 1882 sinon
914 1841 1032 1897 omnes,
1057 1828 1136 1883 certe

130 1938 324 2021 praecipuas,
346 1938 408 2022 jam
432 1937 470 2000 ab
493 1937 698 2021 Aristophane
721 1937 917 2020 grammatico
938 1937 1024 2001 tritas
1048 1952 1078 2000 et
1102 1939 1134 2001 in

131 2078 257 2140 operum
281 2034 418 2118 Platonis
442 2054 615 2139 catalogum
637 2062 773 2139 receptas
796 2056 899 2119 fuisse.

173 2173 242 2237 Jam
266 2175 292 2236 si
315 2174 458 2258 epistolas
478 2175 556 2237 inter
580 2197 611 2236 se
627 2196 853 2258 comparamus,
878 2174 990 2238 nemini
1004 2173 1133 2238 dubium

128 2293 224 2356 videri
239 2300 356 2377 potest,
381 2291 418 2356 de
434 2313 495 2375 quo
515 2313 619 2356 omnes
635 2292 845 2370 consentiunt,
869 2291 1038 2377 Epistulam
1054 2292 1133 2370 VII,

130 2411 168 2474 ad
195 2411 304 2475 Dionis
327 2410 513 2495 propinquos
537 2410 697 2494 scriptam,
725 2410 943 2495 amplitudine,
968 2412 1132 2495 gravitate,

129 2552 230 2593 rerum
253 2528 356 2613 copia,
382 2528 523 2592 dictionis
547 2535 674 2607 ornatu,
691 2529 798 2592 ceteris
814 2528 956 2592 omnibus
971 2536 1131 2614 praestare.

130 2647 185 2710 Est
212 2647 286 2711 haec
309 2647 438 2731 epistola
460 2648 547 2730 quasi
571 2649 726 2732 apologia,
751 2671 812 2731 qua
833 2648 971 2712 Platonis
996 2649 1075 2712 vitae
1090 2649 1134 2711 in·

130 2767 272 2830 stitutum
304 2775 335 2829 et
364 2767 459 2844 ratic,
488 2767 615 2830 consilia
637 2767 782 2830 itinerum
805 2789 882 2851 quae
904 2767 937 2830 in
960 2766 1082 2844 Italiam
1105 2773 1136 2829 et

130 2883 263 2948 Siciliam
294 2885 445 2970 suscepit,
480 2885 672 2949 necessitudo
703 2893 734 2948 et
764 2872 976 2949 commercium
1008 2907 1085 2969 quae
1108 2884 1136 2946 ei

129 3026 199 3067 cum
229 3004 328 3068 Dione
359 3010 390 3067 11
412 3004 559 3088 Dionysio
582 3005 724 3081 fuerunt,
749 3013 943 3089 exponuntur
966 3011 996 3068 11
1023 3004 1060 3068 ab
1084 3002 1136 3066 ali·

129 3144 216 3185 orum
239 3122 524 3208 reprehensionibus
547 3123 759 3200 vindicantur,
777 3130 930 3208 praeterea
945 3123 1043 3186 multa
1058 3123 1135 3184 inse-

128 3248 255 3320 runtur,
280 3265 357 3326 quae
381 3242 420 3305 ad
443 3242 579 3306 Platonis
603 3243 730 3306 consilia
752 3243 895 3327 politica,
924 3242 1053 3306 docendi
1076 3263 1135 3304 me-

129 3359 275 3439 thodum,
299 3361 471 3424 interiorem
495 3361 718 3446 philosophiam
741 3369 888 3446 spectant.

164 3619 187 3680 1)
205 3619 285 3667 Albini
303 3622 410 3682 superest
431 3617 540 3667 libellus:
566 3622 680 3684 Εὶςαγωγὴ
704 3622 735 3676 εἰς
751 3622 803 3678 τοὺς
823 3618 943 3678 Πλάτωνος
960 3622 1086 3686 διαλόγους,
1105 3621 1134 3669 de

128 3729 176 3778 qno
194 3715 241 3764 vid.
260 3716 360 3764 Stickow
378 3716 402 3765 ll.
420 3731 443 3778 p.
462 3716 476 3764 8
494 3731 546 3779 sqq.
564 3720 629 3779 etp.
649 3716 703 3765 loa.

163 3812 187 3871 2)
206 3812 242 3860 Cf.
260 3812 381 3861 Hermann
400 3827 423 3875 p.
441 3811 504 3870 192,
521 3815 572 3860 not.
590 3812 647 3861 220.
674 3812 808 3876 Scriptores
828 3812 871 3862 hos
886 3812 1012 3875 diligenter
1029 3818 1134 3862 recenset

128 3906 307 3965 Westermann,
330 3907 355 3956 ll.
379 3923 402 3971 p.
425 3906 456 3964 3,
473 3908 502 3965 4;
521 3906 640 3955 commisit
656 3913 735 3956 autem
753 3907 827 3957 lesem
846 3923 964 3965 errorem,
981 3924 1053 3971 quum
1071 3908 1134 3972 apud

128 4001 284 4051 Plutarchum
307 4003 378 4052 Dion.
403 4020 424 4052 o.
443 4005 474 4052 54
491 4002 624 4067 Epistolam
641 4003 674 4051 Vl
692 4004 759 4053 citari
778 4001 873 4068 scripsit
880 4025 886 4061 ;
910 4004 1020 4068 quesibi
1039 4021 1134 4053 narrau-

128 4100 169 4146 tur
186 4098 298 4162 leguntur
315 4098 338 4147 in
357 4099 401 4162 Ep.
419 4098 475 4149 Vll.
1059 4091 1062 4098 ¹
