<?xml version="1.0" encoding="UTF-8"?>
<!DOCTYPE html PUBLIC "-//W3C//DTD XHTML 1.0 Transitional//EN"
    "http://www.w3.org/TR/xhtml1/DTD/xhtml1-transitional.dtd">
<html xmlns="http://www.w3.org/1999/xhtml" xml:lang="en" lang="en">
 <head>
  <title>
</title>
<meta http-equiv="Content-Type" content="text/html;charset=utf-8" />
  <meta name='ocr-system' content='tesseract 3.04.00' />
  <meta name='ocr-capabilities' content='ocr_page ocr_carea ocr_par ocr_line ocrx_word'/>
</head>
<body>
  <div class='ocr_page' id='page_1' title='image "./commentatiocrit00karsgoog_0182.png"; bbox 0 0 2746 4950; ppageno 0'>
   <div class='ocr_carea' id='block_1_1' title="bbox 660 329 721 389">
    <p class='ocr_par' dir='ltr' id='par_1_1' title="bbox 660 329 721 389">
     <span class='ocr_line' id='line_1_1' title="bbox 660 329 721 389; baseline 0.016 -1"><span class='ocrx_word' id='word_1_1' title='bbox 660 329 721 389; x_wconf 84' lang='lat'>153</span> 
     </span>
    </p>
   </div>
   <div class='ocr_carea' id='block_1_2' title="bbox 180 534 1288 2998">
    <p class='ocr_par' dir='ltr' id='par_1_2' title="bbox 180 534 1288 2523">
     <span class='ocr_line' id='line_1_2' title="bbox 181 534 1191 621; baseline -0.005 -18"><span class='ocrx_word' id='word_1_2' title='bbox 181 539 319 603; x_wconf 91' lang='lat' dir='ltr'>monium</span> <span class='ocrx_word' id='word_1_3' title='bbox 342 538 374 601; x_wconf 91' lang='lat' dir='ltr'>id</span> <span class='ocrx_word' id='word_1_4' title='bbox 397 559 518 621; x_wconf 89' lang='lat' dir='ltr'>quoque</span> <span class='ocrx_word' id='word_1_5' title='bbox 533 535 630 612; x_wconf 89' lang='lat' dir='ltr'>valet,</span> <span class='ocrx_word' id='word_1_6' title='bbox 648 534 749 620; x_wconf 93' lang='lat' dir='ltr'>quod,</span> <span class='ocrx_word' id='word_1_7' title='bbox 767 535 886 599; x_wconf 86' lang='lat' dir='ltr'>vivente</span> <span class='ocrx_word' id='word_1_8' title='bbox 902 534 1002 598; x_wconf 88' lang='lat' dir='ltr'>adhuc</span> <span class='ocrx_word' id='word_1_9' title='bbox 1022 535 1136 612; x_wconf 90' lang='lat' dir='ltr'>Dione,</span> <span class='ocrx_word' id='word_1_10' title='bbox 1154 535 1191 598; x_wconf 82' lang='lat' dir='ltr'>ab</span> 
     </span>
     <span class='ocr_line' id='line_1_3' title="bbox 181 653 1191 739; baseline -0.004 -19"><span class='ocrx_word' id='word_1_11' title='bbox 181 657 314 720; x_wconf 89' lang='lat' dir='ltr'>inimicis</span> <span class='ocrx_word' id='word_1_12' title='bbox 340 656 405 720; x_wconf 90' lang='lat' dir='ltr'>eius</span> <span class='ocrx_word' id='word_1_13' title='bbox 428 677 531 719; x_wconf 89' lang='lat' dir='ltr'>rumor</span> <span class='ocrx_word' id='word_1_14' title='bbox 554 677 676 739; x_wconf 90' lang='lat' dir='ltr'>sparsus</span> <span class='ocrx_word' id='word_1_15' title='bbox 700 661 746 717; x_wconf 90' lang='lat' dir='ltr'>est</span> <span class='ocrx_word' id='word_1_16' title='bbox 769 655 857 736; x_wconf 91' lang='lat' dir='ltr'>(teste</span> <span class='ocrx_word' id='word_1_17' title='bbox 883 653 1049 717; x_wconf 81' lang='lat' dir='ltr'>Plutarcho</span> <span class='ocrx_word' id='word_1_18' title='bbox 1076 676 1101 716; x_wconf 93' lang='lat' dir='ltr'>c.</span> <span class='ocrx_word' id='word_1_19' title='bbox 1120 656 1191 737; x_wconf 88' lang='grc'>56),</span> 
     </span>
     <span class='ocr_line' id='line_1_4' title="bbox 183 773 1192 860; baseline -0.002 -21"><span class='ocrx_word' id='word_1_20' title='bbox 183 798 270 853; x_wconf 90' lang='lat' dir='ltr'>eum,</span> <span class='ocrx_word' id='word_1_21' title='bbox 295 798 390 860; x_wconf 91' lang='lat' dir='ltr'>quum</span> <span class='ocrx_word' id='word_1_22' title='bbox 417 775 482 859; x_wconf 90' lang='lat' dir='ltr'>ipse</span> <span class='ocrx_word' id='word_1_23' title='bbox 504 773 567 837; x_wconf 90' lang='lat' dir='ltr'>filio</span> <span class='ocrx_word' id='word_1_24' title='bbox 591 773 714 838; x_wconf 90' lang='lat' dir='ltr'>orbatus</span> <span class='ocrx_word' id='word_1_25' title='bbox 738 780 834 850; x_wconf 86' lang='lat' dir='ltr'>esset,</span> <span class='ocrx_word' id='word_1_26' title='bbox 859 773 1101 858; x_wconf 86' lang='lat' dir='ltr'>Apollocratem,</span> <span class='ocrx_word' id='word_1_27' title='bbox 1120 773 1192 837; x_wconf 92' lang='lat' dir='ltr'>Dio-</span> 
     </span>
     <span class='ocr_line' id='line_1_5' title="bbox 183 877 1288 979; baseline -0.003 -21"><span class='ocrx_word' id='word_1_28' title='bbox 183 895 262 979; x_wconf 78' lang='lat' dir='ltr'>nysii</span> <span class='ocrx_word' id='word_1_29' title='bbox 298 894 425 960; x_wconf 90' lang='lat' dir='ltr'>minoris</span> <span class='ocrx_word' id='word_1_30' title='bbox 459 877 577 969; x_wconf 77' lang='lat' dir='ltr'>hlium,</span> <span class='ocrx_word' id='word_1_31' title='bbox 610 899 769 956; x_wconf 87' lang='lat' dir='ltr'>strenuum</span> <span class='ocrx_word' id='word_1_32' title='bbox 798 892 958 977; x_wconf 89' lang='lat' dir='ltr'>juvenem,</span> <span class='ocrx_word' id='word_1_33' title='bbox 990 914 1192 956; x_wconf 81' lang='lat' dir='ltr'>successorem</span> <span class='ocrx_word' id='word_1_34' title='bbox 1287 964 1288 968; x_wconf 7' lang='grc' dir='ltr'>η</span> 
     </span>
     <span class='ocr_line' id='line_1_6' title="bbox 183 1011 1192 1096; baseline 0 -22"><span class='ocrx_word' id='word_1_35' title='bbox 183 1013 242 1077; x_wconf 85' lang='lat' dir='ltr'>sihi</span> <span class='ocrx_word' id='word_1_36' title='bbox 255 1012 431 1076; x_wconf 74' lang='lat' dir='ltr'>destinasse.</span> <span class='ocrx_word' id='word_1_37' title='bbox 458 1011 682 1092; x_wconf 76' lang='lat' dir='ltr'>Quamobrem,</span> <span class='ocrx_word' id='word_1_38' title='bbox 694 1011 755 1075; x_wconf 88' lang='lat' dir='ltr'>nisi</span> <span class='ocrx_word' id='word_1_39' title='bbox 766 1011 905 1096; x_wconf 83' lang='lat' dir='ltr'>scriptori</span> <span class='ocrx_word' id='word_1_40' title='bbox 916 1018 1018 1075; x_wconf 89' lang='lat' dir='ltr'>nostro</span> <span class='ocrx_word' id='word_1_41' title='bbox 1032 1011 1095 1074; x_wconf 90' lang='lat' dir='ltr'>sine</span> <span class='ocrx_word' id='word_1_42' title='bbox 1108 1012 1192 1096; x_wconf 88' lang='lat' dir='ltr'>justa</span> 
     </span>
     <span class='ocr_line' id='line_1_7' title="bbox 183 1129 1190 1216; baseline -0.003 -20"><span class='ocrx_word' id='word_1_43' title='bbox 183 1154 276 1196; x_wconf 91' lang='lat' dir='ltr'>causa</span> <span class='ocrx_word' id='word_1_44' title='bbox 294 1139 414 1216; x_wconf 82' lang='lat' dir='ltr'>turpem</span> <span class='ocrx_word' id='word_1_45' title='bbox 438 1131 589 1195; x_wconf 88' lang='lat' dir='ltr'>inscitiam</span> <span class='ocrx_word' id='word_1_46' title='bbox 609 1131 759 1216; x_wconf 89' lang='lat' dir='ltr'>imputare</span> <span class='ocrx_word' id='word_1_47' title='bbox 773 1130 932 1208; x_wconf 87' lang='lat' dir='ltr'>volumus,</span> <span class='ocrx_word' id='word_1_48' title='bbox 950 1153 1071 1194; x_wconf 92' lang='lat' dir='ltr'>necesse</span> <span class='ocrx_word' id='word_1_49' title='bbox 1083 1138 1130 1194; x_wconf 90' lang='lat' dir='ltr'>est</span> <span class='ocrx_word' id='word_1_50' title='bbox 1141 1129 1190 1193; x_wconf 91' lang='lat' dir='ltr'>hic</span> 
     </span>
     <span class='ocr_line' id='line_1_8' title="bbox 183 1232 1190 1335; baseline -0.002 -21"><span class='ocrx_word' id='word_1_51' title='bbox 183 1250 313 1315; x_wconf 89' lang='lat' dir='ltr'>alterum</span> <span class='ocrx_word' id='word_1_52' title='bbox 328 1249 535 1335; x_wconf 82' lang='lat' dir='ltr'>Hipparinum</span> <span class='ocrx_word' id='word_1_53' title='bbox 554 1249 703 1333; x_wconf 82' lang='lat' dir='ltr'>intelligi,</span> <span class='ocrx_word' id='word_1_54' title='bbox 725 1249 779 1333; x_wconf 88' lang='lat' dir='ltr'>qui</span> <span class='ocrx_word' id='word_1_55' title='bbox 795 1249 877 1313; x_wconf 89' lang='lat' dir='ltr'>idem</span> <span class='ocrx_word' id='word_1_56' title='bbox 895 1249 928 1312; x_wconf 92' lang='lat' dir='ltr'>in</span> <span class='ocrx_word' id='word_1_57' title='bbox 944 1248 1084 1334; x_wconf 83' lang='lat' dir='ltr'>Epistola</span> <span class='ocrx_word' id='word_1_58' title='bbox 1090 1232 1190 1327; x_wconf 53' lang='grc' dir='ltr'>ἱ11ΠΙ,</span> 
     </span>
     <span class='ocr_line' id='line_1_9' title="bbox 182 1366 1194 1454; baseline -0.002 -21"><span class='ocrx_word' id='word_1_59' title='bbox 182 1393 214 1454; x_wconf 90' lang='lat' dir='ltr'>p.</span> <span class='ocrx_word' id='word_1_60' title='bbox 240 1372 303 1433; x_wconf 87' lang='lat'>356</span> <span class='ocrx_word' id='word_1_61' title='bbox 327 1370 373 1446; x_wconf 79' lang='lat' dir='ltr'>A,</span> <span class='ocrx_word' id='word_1_62' title='bbox 399 1368 597 1452; x_wconf 86' lang='lat' dir='ltr'>significatur.</span> <span class='ocrx_word' id='word_1_63' title='bbox 622 1366 714 1447; x_wconf 78' lang='lat' dir='ltr'>Quod</span> <span class='ocrx_word' id='word_1_64' title='bbox 738 1368 775 1432; x_wconf 92' lang='lat' dir='ltr'>de</span> <span class='ocrx_word' id='word_1_65' title='bbox 792 1375 890 1432; x_wconf 89' lang='lat' dir='ltr'>aetate</span> <span class='ocrx_word' id='word_1_66' title='bbox 906 1367 1014 1432; x_wconf 89' lang='lat' dir='ltr'>Dionis</span> <span class='ocrx_word' id='word_1_67' title='bbox 1032 1379 1063 1433; x_wconf 90' lang='lat' dir='ltr'>et</span> <span class='ocrx_word' id='word_1_68' title='bbox 1079 1369 1194 1453; x_wconf 90' lang='lat' dir='ltr'>Hippa-</span> 
     </span>
     <span class='ocr_line' id='line_1_10' title="bbox 181 1484 1192 1571; baseline -0.001 -20"><span class='ocrx_word' id='word_1_69' title='bbox 181 1488 241 1551; x_wconf 90' lang='lat' dir='ltr'>rini</span> <span class='ocrx_word' id='word_1_70' title='bbox 265 1487 355 1564; x_wconf 89' lang='lat' dir='ltr'>dicit,</span> <span class='ocrx_word' id='word_1_71' title='bbox 380 1487 469 1571; x_wconf 91' lang='lat' dir='ltr'>plane</span> <span class='ocrx_word' id='word_1_72' title='bbox 493 1487 642 1550; x_wconf 91' lang='lat' dir='ltr'>convenit.</span> <span class='ocrx_word' id='word_1_73' title='bbox 677 1484 758 1549; x_wconf 91' lang='lat' dir='ltr'>Nam</span> <span class='ocrx_word' id='word_1_74' title='bbox 781 1487 884 1571; x_wconf 90' lang='lat' dir='ltr'>primo</span> <span class='ocrx_word' id='word_1_75' title='bbox 907 1486 1044 1550; x_wconf 87' lang='lat' dir='ltr'>Platonis</span> <span class='ocrx_word' id='word_1_76' title='bbox 1061 1487 1192 1550; x_wconf 89' lang='lat' dir='ltr'>adventu</span> 
     </span>
     <span class='ocr_line' id='line_1_11' title="bbox 183 1605 1193 1689; baseline 0 -20"><span class='ocrx_word' id='word_1_77' title='bbox 183 1607 216 1669; x_wconf 92' lang='lat' dir='ltr'>in</span> <span class='ocrx_word' id='word_1_78' title='bbox 247 1605 381 1669; x_wconf 87' lang='lat' dir='ltr'>Siciliam</span> <span class='ocrx_word' id='word_1_79' title='bbox 411 1605 471 1668; x_wconf 93' lang='lat' dir='ltr'>Dio</span> <span class='ocrx_word' id='word_1_80' title='bbox 502 1611 566 1669; x_wconf 92' lang='grc'>1111</span> <span class='ocrx_word' id='word_1_81' title='bbox 592 1605 712 1689; x_wconf 88' lang='lat' dir='ltr'>juvenis</span> <span class='ocrx_word' id='word_1_82' title='bbox 741 1605 850 1689; x_wconf 90' lang='lat' dir='ltr'>viginti</span> <span class='ocrx_word' id='word_1_83' title='bbox 876 1627 1042 1682; x_wconf 86' lang='lat' dir='ltr'>annornm3</span> <span class='ocrx_word' id='word_1_84' title='bbox 1068 1605 1193 1669; x_wconf 90' lang='lat' dir='ltr'>eandem</span> 
     </span>
     <span class='ocr_line' id='line_1_12' title="bbox 183 1721 1191 1809; baseline -0.001 -20"><span class='ocrx_word' id='word_1_85' title='bbox 183 1726 246 1789; x_wconf 90' lang='lat' dir='ltr'>fere</span> <span class='ocrx_word' id='word_1_86' title='bbox 264 1733 392 1789; x_wconf 85' lang='lat' dir='ltr'>aetatem</span> <span class='ocrx_word' id='word_1_87' title='bbox 406 1725 548 1808; x_wconf 85' lang='lat' dir='ltr'>attigerat</span> <span class='ocrx_word' id='word_1_88' title='bbox 564 1721 773 1809; x_wconf 85' lang='lat' dir='ltr'>Hipparinus,</span> <span class='ocrx_word' id='word_1_89' title='bbox 792 1725 890 1788; x_wconf 91' lang='lat' dir='ltr'>occiso</span> <span class='ocrx_word' id='word_1_90' title='bbox 901 1723 1009 1788; x_wconf 91' lang='lat' dir='ltr'>Dione.</span> <span class='ocrx_word' id='word_1_91' title='bbox 1026 1725 1048 1809; x_wconf 79' lang='lat'>¹)</span> <span class='ocrx_word' id='word_1_92' title='bbox 1072 1723 1191 1804; x_wconf 78' lang='lat' dir='ltr'>Quodsi</span> 
     </span>
     <span class='ocr_line' id='line_1_13' title="bbox 183 1843 1191 1929; baseline 0.002 -23"><span class='ocrx_word' id='word_1_93' title='bbox 183 1844 234 1907; x_wconf 89' lang='lat' dir='ltr'>hic</span> <span class='ocrx_word' id='word_1_94' title='bbox 272 1843 472 1927; x_wconf 82' lang='lat' dir='ltr'>intelligitur,</span> <span class='ocrx_word' id='word_1_95' title='bbox 504 1844 689 1929; x_wconf 90' lang='lat' dir='ltr'>comparatio</span> <span class='ocrx_word' id='word_1_96' title='bbox 720 1845 801 1908; x_wconf 91' lang='lat' dir='ltr'>inter</span> <span class='ocrx_word' id='word_1_97' title='bbox 832 1866 902 1908; x_wconf 89' lang='lat' dir='ltr'>eum</span> <span class='ocrx_word' id='word_1_98' title='bbox 933 1851 963 1907; x_wconf 89' lang='lat' dir='ltr'>et</span> <span class='ocrx_word' id='word_1_99' title='bbox 1000 1843 1129 1908; x_wconf 90' lang='lat' dir='ltr'>Dionem</span> <span class='ocrx_word' id='word_1_100' title='bbox 1160 1845 1191 1908; x_wconf 91' lang='lat' dir='ltr'>in</span> 
     </span>
     <span class='ocr_line' id='line_1_14' title="bbox 182 1963 1193 2048; baseline 0 -22"><span class='ocrx_word' id='word_1_101' title='bbox 182 1964 242 2026; x_wconf 93' lang='lat' dir='ltr'>hoc</span> <span class='ocrx_word' id='word_1_102' title='bbox 273 1963 372 2048; x_wconf 90' lang='lat' dir='ltr'>posita</span> <span class='ocrx_word' id='word_1_103' title='bbox 400 1971 463 2026; x_wconf 90' lang='lat' dir='ltr'>est:</span> <span class='ocrx_word' id='word_1_104' title='bbox 496 1963 754 2047; x_wconf 92' lang='lat' dir='ltr'>quemadmodum</span> <span class='ocrx_word' id='word_1_105' title='bbox 779 1963 857 2041; x_wconf 92' lang='lat' dir='ltr'>Dio,</span> <span class='ocrx_word' id='word_1_106' title='bbox 891 1986 982 2048; x_wconf 92' lang='lat' dir='ltr'>quem</span> <span class='ocrx_word' id='word_1_107' title='bbox 1004 1963 1126 2048; x_wconf 90' lang='lat' dir='ltr'>juvenis</span> <span class='ocrx_word' id='word_1_108' title='bbox 1148 1985 1193 2026; x_wconf 87' lang='lat' dir='ltr'>os-</span> 
     </span>
     <span class='ocr_line' id='line_1_15' title="bbox 181 2081 1194 2167; baseline -0.001 -21"><span class='ocrx_word' id='word_1_109' title='bbox 181 2082 281 2146; x_wconf 86' lang='lat' dir='ltr'>tendit</span> <span class='ocrx_word' id='word_1_110' title='bbox 309 2081 461 2145; x_wconf 85' lang='lat' dir='ltr'>libertatis</span> <span class='ocrx_word' id='word_1_111' title='bbox 493 2104 640 2160; x_wconf 90' lang='lat' dir='ltr'>amorem,</span> <span class='ocrx_word' id='word_1_112' title='bbox 673 2083 803 2147; x_wconf 90' lang='lat' dir='ltr'>eundem</span> <span class='ocrx_word' id='word_1_113' title='bbox 834 2105 952 2167; x_wconf 91' lang='lat' dir='ltr'>semper</span> <span class='ocrx_word' id='word_1_114' title='bbox 982 2082 1127 2159; x_wconf 85' lang='lat' dir='ltr'>retinuit,</span> <span class='ocrx_word' id='word_1_115' title='bbox 1150 2082 1194 2146; x_wconf 90' lang='lat' dir='ltr'>ita</span> 
     </span>
     <span class='ocr_line' id='line_1_16' title="bbox 182 2199 1194 2285; baseline 0.001 -22"><span class='ocrx_word' id='word_1_116' title='bbox 182 2223 302 2284; x_wconf 89' lang='lat' dir='ltr'>sperare</span> <span class='ocrx_word' id='word_1_117' title='bbox 324 2199 396 2264; x_wconf 89' lang='lat' dir='ltr'>licet</span> <span class='ocrx_word' id='word_1_118' title='bbox 417 2200 482 2263; x_wconf 89' lang='lat' dir='ltr'>fore</span> <span class='ocrx_word' id='word_1_119' title='bbox 504 2207 540 2264; x_wconf 87' lang='lat' dir='ltr'>ut</span> <span class='ocrx_word' id='word_1_120' title='bbox 562 2199 752 2285; x_wconf 90' lang='lat' dir='ltr'>Hipparinns</span> <span class='ocrx_word' id='word_1_121' title='bbox 765 2223 907 2285; x_wconf 89' lang='lat' dir='ltr'>quoque,</span> <span class='ocrx_word' id='word_1_122' title='bbox 927 2200 1010 2285; x_wconf 93' lang='lat' dir='ltr'>quod</span> <span class='ocrx_word' id='word_1_123' title='bbox 1025 2223 1108 2264; x_wconf 91' lang='lat' dir='ltr'>nunc</span> <span class='ocrx_word' id='word_1_124' title='bbox 1124 2200 1194 2264; x_wconf 90' lang='lat' dir='ltr'>ado·</span> 
     </span>
     <span class='ocr_line' id='line_1_17' title="bbox 180 2302 1187 2404; baseline 0.002 -22"><span class='ocrx_word' id='word_1_125' title='bbox 180 2321 297 2383; x_wconf 88' lang='lat' dir='ltr'>lescens</span> <span class='ocrx_word' id='word_1_126' title='bbox 320 2302 454 2383; x_wconf 89' lang='lat' dir='ltr'>ostendit</span> <span class='ocrx_word' id='word_1_127' title='bbox 476 2319 648 2402; x_wconf 82' lang='lat' dir='ltr'>ingenium,</span> <span class='ocrx_word' id='word_1_128' title='bbox 673 2319 705 2382; x_wconf 92' lang='lat' dir='ltr'>id</span> <span class='ocrx_word' id='word_1_129' title='bbox 728 2341 781 2404; x_wconf 89' lang='lat' dir='ltr'>per</span> <span class='ocrx_word' id='word_1_130' title='bbox 802 2319 955 2404; x_wconf 89' lang='lat' dir='ltr'>reliquum</span> <span class='ocrx_word' id='word_1_131' title='bbox 974 2319 1054 2384; x_wconf 86' lang='lat' dir='ltr'>vitae</span> <span class='ocrx_word' id='word_1_132' title='bbox 1067 2327 1187 2404; x_wconf 89' lang='lat' dir='ltr'>tempus</span> 
     </span>
     <span class='ocr_line' id='line_1_18' title="bbox 184 2439 335 2523; baseline 0.007 -22"><span class='ocrx_word' id='word_1_133' title='bbox 184 2445 294 2502; x_wconf 80' lang='lat' dir='ltr'>servet.</span> <span class='ocrx_word' id='word_1_134' title='bbox 312 2439 335 2523; x_wconf 69' lang='grc'>2)</span> 
     </span>
    </p>

    <p class='ocr_par' dir='ltr' id='par_1_3' title="bbox 182 2555 1195 2998">
     <span class='ocr_line' id='line_1_19' title="bbox 228 2555 1194 2642; baseline 0.001 -22"><span class='ocrx_word' id='word_1_135' title='bbox 228 2557 295 2621; x_wconf 81' lang='lat' dir='ltr'>Tali</span> <span class='ocrx_word' id='word_1_136' title='bbox 321 2557 570 2641; x_wconf 80' lang='lat' dir='ltr'>interpretatione</span> <span class='ocrx_word' id='word_1_137' title='bbox 597 2557 624 2619; x_wconf 90' lang='lat' dir='ltr'>si</span> <span class='ocrx_word' id='word_1_138' title='bbox 646 2555 815 2642; x_wconf 80' lang='lat' dir='ltr'>Epistolam</span> <span class='ocrx_word' id='word_1_139' title='bbox 837 2556 902 2620; x_wconf 88' lang='lat' dir='ltr'>VII</span> <span class='ocrx_word' id='word_1_140' title='bbox 925 2558 1009 2642; x_wconf 90' lang='lat' dir='ltr'>turpi</span> <span class='ocrx_word' id='word_1_141' title='bbox 1033 2580 1131 2622; x_wconf 89' lang='lat' dir='ltr'>errore</span> <span class='ocrx_word' id='word_1_142' title='bbox 1158 2558 1194 2621; x_wconf 92' lang='lat' dir='ltr'>li·</span> 
     </span>
     <span class='ocr_line' id='line_1_20' title="bbox 182 2676 1194 2763; baseline -0.001 -22"><span class='ocrx_word' id='word_1_143' title='bbox 182 2678 287 2742; x_wconf 90' lang='lat' dir='ltr'>berare</span> <span class='ocrx_word' id='word_1_144' title='bbox 316 2677 405 2754; x_wconf 88' lang='lat' dir='ltr'>licet,</span> <span class='ocrx_word' id='word_1_145' title='bbox 438 2676 520 2740; x_wconf 92' lang='lat' dir='ltr'>idem</span> <span class='ocrx_word' id='word_1_146' title='bbox 551 2683 653 2740; x_wconf 88' lang='lat' dir='ltr'>tamen</span> <span class='ocrx_word' id='word_1_147' title='bbox 683 2676 792 2740; x_wconf 81' lang='grc'>1111111111</span> <span class='ocrx_word' id='word_1_148' title='bbox 824 2677 961 2741; x_wconf 84' lang='lat' dir='ltr'>inhaeret</span> <span class='ocrx_word' id='word_1_149' title='bbox 991 2677 1023 2740; x_wconf 94' lang='lat' dir='ltr'>in</span> <span class='ocrx_word' id='word_1_150' title='bbox 1055 2677 1194 2763; x_wconf 80' lang='lat' dir='ltr'>Epistola</span> 
     </span>
     <span class='ocr_line' id='line_1_21' title="bbox 184 2794 1195 2880; baseline 0 -22"><span class='ocrx_word' id='word_1_151' title='bbox 184 2794 275 2859; x_wconf 89' lang='lat' dir='ltr'>VIII.</span> <span class='ocrx_word' id='word_1_152' title='bbox 320 2795 461 2880; x_wconf 77' lang='lat' dir='ltr'>Pingitur</span> <span class='ocrx_word' id='word_1_153' title='bbox 491 2795 535 2860; x_wconf 93' lang='lat' dir='ltr'>ibi</span> <span class='ocrx_word' id='word_1_154' title='bbox 567 2795 627 2859; x_wconf 91' lang='lat' dir='ltr'>Dio</span> <span class='ocrx_word' id='word_1_155' title='bbox 660 2795 771 2859; x_wconf 89' lang='lat' dir='ltr'>amicos</span> <span class='ocrx_word' id='word_1_156' title='bbox 795 2817 866 2858; x_wconf 92' lang='lat' dir='ltr'>suos</span> <span class='ocrx_word' id='word_1_157' title='bbox 891 2818 926 2859; x_wconf 85' lang='lat' dir='ltr'>ex</span> <span class='ocrx_word' id='word_1_158' title='bbox 950 2795 1053 2859; x_wconf 88' lang='lat' dir='ltr'>inferis</span> <span class='ocrx_word' id='word_1_159' title='bbox 1078 2795 1195 2880; x_wconf 89' lang='lat' dir='ltr'>alloqui</span> 
     </span>
     <span class='ocr_line' id='line_1_22' title="bbox 182 2904 1194 2998; baseline 0.002 -22"><span class='ocrx_word' id='word_1_160' title='bbox 182 2935 294 2997; x_wconf 89' lang='lat' dir='ltr'>eosque</span> <span class='ocrx_word' id='word_1_161' title='bbox 317 2904 431 2977; x_wconf 86' lang='lat' dir='ltr'>hortari</span> <span class='ocrx_word' id='word_1_162' title='bbox 453 2921 489 2978; x_wconf 89' lang='lat' dir='ltr'>nt</span> <span class='ocrx_word' id='word_1_163' title='bbox 511 2936 612 2998; x_wconf 90' lang='lat' dir='ltr'>regem</span> <span class='ocrx_word' id='word_1_164' title='bbox 636 2915 827 2978; x_wconf 88' lang='lat' dir='ltr'>constituant</span> <span class='ocrx_word' id='word_1_165' title='bbox 849 2920 958 2994; x_wconf 78' lang='grc' dir='ltr'><em>πρῶτον</em></span> <span class='ocrx_word' id='word_1_166' title='bbox 981 2915 1033 2989; x_wconf 72' lang='grc' dir='ltr'>μὲν</span> <span class='ocrx_word' id='word_1_167' title='bbox 1059 2917 1107 2980; x_wconf 83' lang='grc' dir='ltr'>τὸν</span> <span class='ocrx_word' id='word_1_168' title='bbox 1127 2914 1194 2992; x_wconf 78' lang='grc' dir='ltr'>ἐμὸν</span> 
     </span>
    </p>
   </div>
   <div class='ocr_carea' id='block_1_3' title="bbox 184 3031 1193 3118">
    <p class='ocr_par' dir='ltr' id='par_1_4' title="bbox 184 3031 1193 3118">
     <span class='ocr_line' id='line_1_23' title="bbox 184 3031 1193 3118; baseline 0.003 -22"><span class='ocrx_word' id='word_1_169' title='bbox 184 3033 290 3118; x_wconf 87' lang='lat' dir='ltr'>(ipsius</span> <span class='ocrx_word' id='word_1_170' title='bbox 314 3032 434 3117; x_wconf 88' lang='lat' dir='ltr'>Dionis)</span> <span class='ocrx_word' id='word_1_171' title='bbox 457 3033 529 3111; x_wconf 81' lang='grc' dir='ltr'>υἱὸν,</span> <span class='ocrx_word' id='word_1_172' title='bbox 552 3034 681 3114; x_wconf 64' lang='lat' dir='ltr'>gephar</span> <span class='ocrx_word' id='word_1_173' title='bbox 705 3031 918 3111; x_wconf 73' lang='grc'>1111131111,</span> <span class='ocrx_word' id='word_1_174' title='bbox 932 3034 1193 3113; x_wconf 64' lang='grc' dir='ltr'>11111111ρέᾈοῦ</span> 
     </span>
    </p>
   </div>
   <div class='ocr_carea' id='block_1_4' title="bbox 185 3276 1193 4203">
    <p class='ocr_par' dir='ltr' id='par_1_5' title="bbox 185 3276 1193 3620">
     <span class='ocr_line' id='line_1_24' title="bbox 185 3276 1193 3344; baseline -0.001 -16"><span class='ocrx_word' id='word_1_175' title='bbox 185 3279 247 3328; x_wconf 87' lang='lat' dir='ltr'>disse</span> <span class='ocrx_word' id='word_1_176' title='bbox 267 3277 369 3327; x_wconf 82' lang='lat' dir='ltr'>dicitnr:</span> <span class='ocrx_word' id='word_1_177' title='bbox 387 3277 442 3328; x_wconf 78' lang='grc' dir='ltr'><strong><em>εἶναι</em></strong></span> <span class='ocrx_word' id='word_1_178' title='bbox 457 3279 516 3328; x_wconf 71' lang='grc' dir='ltr'>αὐτὰ</span> <span class='ocrx_word' id='word_1_179' title='bbox 535 3279 560 3328; x_wconf 77' lang='grc' dir='ltr'>οὐ</span> <span class='ocrx_word' id='word_1_180' title='bbox 576 3279 666 3335; x_wconf 68' lang='lat' dir='ltr'>closae,</span> <span class='ocrx_word' id='word_1_181' title='bbox 687 3279 746 3327; x_wconf 73' lang='grc' dir='ltr'>ἀλλὰ</span> <span class='ocrx_word' id='word_1_182' title='bbox 761 3282 811 3328; x_wconf 78' lang='grc' dir='ltr'>τοῦ</span> <span class='ocrx_word' id='word_1_183' title='bbox 828 3280 924 3340; x_wconf 70' lang='grc' dir='ltr'>υἱέος,</span> <span class='ocrx_word' id='word_1_184' title='bbox 942 3276 1002 3334; x_wconf 70' lang='grc' dir='ltr'><strong><em>ὄντος</em></strong></span> <span class='ocrx_word' id='word_1_185' title='bbox 1018 3280 1061 3341; x_wconf 76' lang='grc' dir='ltr'>μὲν</span> <span class='ocrx_word' id='word_1_186' title='bbox 1075 3276 1193 3344; x_wconf 75' lang='grc' dir='ltr'><em>ἀδελφιδοῦ</em></span> 
     </span>
     <span class='ocr_line' id='line_1_25' title="bbox 185 3369 1191 3436; baseline -0.005 -11"><span class='ocrx_word' id='word_1_187' title='bbox 185 3377 267 3430; x_wconf 79' lang='grc' dir='ltr'>αὐτοῦ,</span> <span class='ocrx_word' id='word_1_188' title='bbox 280 3372 305 3421; x_wconf 92' lang='lat' dir='ltr'>h.</span> <span class='ocrx_word' id='word_1_189' title='bbox 322 3388 342 3420; x_wconf 92' lang='lat' dir='ltr'>e.</span> <span class='ocrx_word' id='word_1_190' title='bbox 360 3371 484 3435; x_wconf 72' lang='lat' dir='ltr'>Dionysii,</span> <span class='ocrx_word' id='word_1_191' title='bbox 506 3375 529 3420; x_wconf 90' lang='lat' dir='ltr'>et</span> <span class='ocrx_word' id='word_1_192' title='bbox 546 3387 569 3436; x_wconf 90' lang='lat' dir='ltr'>p.</span> <span class='ocrx_word' id='word_1_193' title='bbox 588 3369 635 3422; x_wconf 79' lang='lat'>³47</span> <span class='ocrx_word' id='word_1_194' title='bbox 653 3371 688 3420; x_wconf 88' lang='lat' dir='ltr'>D:</span> <span class='ocrx_word' id='word_1_195' title='bbox 706 3375 745 3423; x_wconf 72' lang='grc' dir='ltr'>ὅτε</span> <span class='ocrx_word' id='word_1_196' title='bbox 762 3372 788 3428; x_wconf 70' lang='grc' dir='ltr'>δή</span> <span class='ocrx_word' id='word_1_197' title='bbox 805 3391 845 3435; x_wconf 79' lang='grc' dir='ltr'>μοι</span> <span class='ocrx_word' id='word_1_198' title='bbox 862 3374 900 3422; x_wconf 77' lang='grc' dir='ltr'>καὶ</span> <span class='ocrx_word' id='word_1_199' title='bbox 917 3371 1023 3429; x_wconf 76' lang='grc' dir='ltr'><strong>Διονύσιος</strong></span> <span class='ocrx_word' id='word_1_200' title='bbox 1039 3375 1136 3435; x_wconf 63' lang='grc' dir='ltr'>ἐμνήσθη</span> <span class='ocrx_word' id='word_1_201' title='bbox 1153 3373 1191 3420; x_wconf 70' lang='lat' dir='ltr'>lc·</span> 
     </span>
     <span class='ocr_line' id='line_1_26' title="bbox 185 3461 1193 3531; baseline -0.003 -14"><span class='ocrx_word' id='word_1_202' title='bbox 185 3488 242 3531; x_wconf 79' lang='grc' dir='ltr'>γων,</span> <span class='ocrx_word' id='word_1_203' title='bbox 270 3471 305 3519; x_wconf 75' lang='grc' dir='ltr'>ὅτι</span> <span class='ocrx_word' id='word_1_204' title='bbox 330 3474 369 3526; x_wconf 79' lang='grc' dir='ltr'>τὴν</span> <span class='ocrx_word' id='word_1_205' title='bbox 393 3469 498 3531; x_wconf 67' lang='lat' dir='ltr'>harceias</span> <span class='ocrx_word' id='word_1_206' title='bbox 522 3473 563 3523; x_wconf 76' lang='grc' dir='ltr'>τῆς</span> <span class='ocrx_word' id='word_1_207' title='bbox 587 3467 663 3522; x_wconf 79' lang='grc' dir='ltr'>οὐσίας</span> <span class='ocrx_word' id='word_1_208' title='bbox 688 3465 743 3516; x_wconf 72' lang='grc' dir='ltr'><strong><em>εἶναι</em></strong></span> <span class='ocrx_word' id='word_1_209' title='bbox 770 3465 925 3531; x_wconf 64' lang='grc'>1111111111,</span> <span class='ocrx_word' id='word_1_210' title='bbox 942 3471 982 3523; x_wconf 79' lang='grc' dir='ltr'>τὴν</span> <span class='ocrx_word' id='word_1_211' title='bbox 999 3461 1193 3528; x_wconf 78' lang='grc' dir='ltr'>δ’ἡμισεὶαντοῦ</span> 
     </span>
     <span class='ocr_line' id='line_1_27' title="bbox 186 3567 274 3620; baseline 0 -6"><span class='ocrx_word' id='word_1_212' title='bbox 186 3567 274 3620; x_wconf 77' lang='grc' dir='ltr'><strong><em>υἱέος.</em></strong></span> 
     </span>
    </p>

    <p class='ocr_par' dir='ltr' id='par_1_6' title="bbox 186 3653 1193 3912">
     <span class='ocr_line' id='line_1_28' title="bbox 221 3653 1193 3721; baseline -0.005 -14"><span class='ocrx_word' id='word_1_213' title='bbox 221 3657 441 3719; x_wconf 74' lang='grc'>1)]11111111111111</span> <span class='ocrx_word' id='word_1_214' title='bbox 459 3657 503 3706; x_wconf 90' lang='lat' dir='ltr'>hoc</span> <span class='ocrx_word' id='word_1_215' title='bbox 521 3655 633 3718; x_wconf 82' lang='lat' dir='ltr'>Salomon</span> <span class='ocrx_word' id='word_1_216' title='bbox 650 3655 676 3706; x_wconf 91' lang='lat' dir='ltr'>ll.</span> <span class='ocrx_word' id='word_1_217' title='bbox 694 3672 717 3721; x_wconf 89' lang='lat' dir='ltr'>p.</span> <span class='ocrx_word' id='word_1_218' title='bbox 736 3657 781 3714; x_wconf 92' lang='grc'>11,</span> <span class='ocrx_word' id='word_1_219' title='bbox 805 3656 846 3718; x_wconf 90' lang='lat' dir='ltr'>qni</span> <span class='ocrx_word' id='word_1_220' title='bbox 863 3654 891 3703; x_wconf 88' lang='lat' dir='ltr'>de</span> <span class='ocrx_word' id='word_1_221' title='bbox 908 3654 1041 3719; x_wconf 88' lang='lat' dir='ltr'>Hipparino</span> <span class='ocrx_word' id='word_1_222' title='bbox 1059 3653 1193 3702; x_wconf 86' lang='lat' dir='ltr'>etdeomni</span> 
     </span>
     <span class='ocr_line' id='line_1_29' title="bbox 186 3750 1193 3819; baseline -0.002 -17"><span class='ocrx_word' id='word_1_223' title='bbox 186 3754 355 3819; x_wconf 84' lang='lat' dir='ltr'>Dionysiorum</span> <span class='ocrx_word' id='word_1_224' title='bbox 379 3753 468 3803; x_wconf 85' lang='lat' dir='ltr'>familia</span> <span class='ocrx_word' id='word_1_225' title='bbox 491 3756 600 3802; x_wconf 89' lang='lat' dir='ltr'>accurate</span> <span class='ocrx_word' id='word_1_226' title='bbox 622 3753 742 3817; x_wconf 85' lang='lat' dir='ltr'>disputat,</span> <span class='ocrx_word' id='word_1_227' title='bbox 769 3767 792 3816; x_wconf 90' lang='lat' dir='ltr'>p.</span> <span class='ocrx_word' id='word_1_228' title='bbox 811 3751 980 3801; x_wconf 79' lang='grc'>1-11111</span> <span class='ocrx_word' id='word_1_229' title='bbox 999 3767 1050 3815; x_wconf 89' lang='lat' dir='ltr'>sqq.</span> <span class='ocrx_word' id='word_1_230' title='bbox 1084 3750 1193 3800; x_wconf 82' lang='lat' dir='ltr'>lacertus</span> 
     </span>
     <span class='ocr_line' id='line_1_30' title="bbox 186 3848 691 3912; baseline -0.006 -12"><span class='ocrx_word' id='word_1_231' title='bbox 186 3856 265 3900; x_wconf 88' lang='lat' dir='ltr'>tamen</span> <span class='ocrx_word' id='word_1_232' title='bbox 283 3851 378 3908; x_wconf 85' lang='lat' dir='ltr'>haeret,</span> <span class='ocrx_word' id='word_1_233' title='bbox 397 3855 450 3899; x_wconf 88' lang='lat' dir='ltr'>uter</span> <span class='ocrx_word' id='word_1_234' title='bbox 466 3849 634 3912; x_wconf 86' lang='lat' dir='ltr'>intelligendus</span> <span class='ocrx_word' id='word_1_235' title='bbox 651 3848 691 3897; x_wconf 84' lang='lat' dir='ltr'>sit.</span> 
     </span>
    </p>

    <p class='ocr_par' dir='ltr' id='par_1_7' title="bbox 186 3941 1193 4203">
     <span class='ocr_line' id='line_1_31' title="bbox 220 3941 1192 4010; baseline -0.007 -14"><span class='ocrx_word' id='word_1_236' title='bbox 220 3947 243 4008; x_wconf 80' lang='lat'>2)</span> <span class='ocrx_word' id='word_1_237' title='bbox 259 3947 331 3995; x_wconf 88' lang='lat' dir='ltr'>Hunc</span> <span class='ocrx_word' id='word_1_238' title='bbox 348 3963 397 3996; x_wconf 87' lang='lat' dir='ltr'>esse</span> <span class='ocrx_word' id='word_1_239' title='bbox 414 3961 508 3994; x_wconf 84' lang='lat' dir='ltr'>sonsum</span> <span class='ocrx_word' id='word_1_240' title='bbox 525 3944 651 3994; x_wconf 85' lang='lat' dir='ltr'>verborum</span> <span class='ocrx_word' id='word_1_241' title='bbox 669 3949 700 4002; x_wconf 72' lang='grc' dir='ltr'>εἰς</span> <span class='ocrx_word' id='word_1_242' title='bbox 717 3947 785 4004; x_wconf 75' lang='grc' dir='ltr'>τὴναύ</span> <span class='ocrx_word' id='word_1_243' title='bbox 793 3952 832 4003; x_wconf 73' lang='grc' dir='ltr'>τὴν</span> <span class='ocrx_word' id='word_1_244' title='bbox 844 3945 910 4002; x_wconf 75' lang='grc' dir='ltr'>δόξαν</span> <span class='ocrx_word' id='word_1_245' title='bbox 917 3944 1122 4010; x_wconf 68' lang='grc' dir='ltr'>ξὺμφωνον,11111</span> <span class='ocrx_word' id='word_1_246' title='bbox 1130 3941 1192 3990; x_wconf 87' lang='lat' dir='ltr'>indi·</span> 
     </span>
     <span class='ocr_line' id='line_1_32' title="bbox 186 4036 1193 4107; baseline -0.005 -16"><span class='ocrx_word' id='word_1_247' title='bbox 186 4043 251 4100; x_wconf 86' lang='lat' dir='ltr'>cavi,</span> <span class='ocrx_word' id='word_1_248' title='bbox 269 4058 292 4106; x_wconf 92' lang='lat' dir='ltr'>p.</span> <span class='ocrx_word' id='word_1_249' title='bbox 310 4044 351 4090; x_wconf 80' lang='lat'>45.</span> <span class='ocrx_word' id='word_1_250' title='bbox 385 4041 455 4107; x_wconf 74' lang='lat' dir='ltr'>Quod</span> <span class='ocrx_word' id='word_1_251' title='bbox 479 4040 499 4090; x_wconf 82' lang='lat' dir='ltr'>si</span> <span class='ocrx_word' id='word_1_252' title='bbox 523 4043 657 4105; x_wconf 86' lang='lat' dir='ltr'>reputasset</span> <span class='ocrx_word' id='word_1_253' title='bbox 674 4040 799 4098; x_wconf 87' lang='lat' dir='ltr'>Salomon,</span> <span class='ocrx_word' id='word_1_254' title='bbox 817 4055 877 4097; x_wconf 92' lang='lat' dir='ltr'>non,</span> <span class='ocrx_word' id='word_1_255' title='bbox 895 4037 992 4103; x_wconf 87' lang='lat' dir='ltr'>opinor,</span> <span class='ocrx_word' id='word_1_256' title='bbox 1010 4037 1115 4103; x_wconf 89' lang='lat' dir='ltr'>ineptam</span> <span class='ocrx_word' id='word_1_257' title='bbox 1132 4036 1193 4086; x_wconf 89' lang='lat' dir='ltr'>hanc</span> 
     </span>
     <span class='ocr_line' id='line_1_33' title="bbox 187 4114 681 4203; baseline -0.006 -17"><span class='ocrx_word' id='word_1_258' title='bbox 187 4137 386 4203; x_wconf 84' lang='lat' dir='ltr'>comparationem</span> <span class='ocrx_word' id='word_1_259' title='bbox 401 4136 544 4200; x_wconf 82' lang='lat' dir='ltr'>judicasset,</span> <span class='ocrx_word' id='word_1_260' title='bbox 562 4150 585 4200; x_wconf 91' lang='lat' dir='ltr'>p.</span> <span class='ocrx_word' id='word_1_261' title='bbox 604 4135 643 4184; x_wconf 92' lang='grc'>11.</span> <span class='ocrx_word' id='word_1_262' title='bbox 677 4114 681 4139; x_wconf 66' lang='lat' dir='ltr'>r</span> 
     </span>
    </p>
   </div>
   <div class='ocr_carea' id='block_1_5' title="bbox 0 0 1382 4950">
    <p class='ocr_par' dir='ltr' id='par_1_8' title="bbox 0 0 1382 4950">
     <span class='ocr_line' id='line_1_34' title="bbox 0 0 1382 4950; baseline 0 0"><span class='ocrx_word' id='word_1_263' title='bbox 0 0 1382 4950; x_wconf 95' lang='lat' dir='ltr'> </span> 
     </span>
    </p>
   </div>
  </div>
 </body>
</html>
