2746 4950
732 352 771 412 10

247 583 281 623 ac
308 559 415 645 judieii
445 559 535 622 laude
565 547 678 636 elaros,
715 558 789 622 tales
826 557 1016 642 praesertim,
1053 579 1129 641 quos
1163 556 1253 621 bene·

247 677 330 742 volos
362 679 464 764 potius
496 677 613 762 judiees
638 699 730 760 quam
753 675 938 740 adversarios
961 677 1037 739 mihi
1060 683 1141 760 opto.
1191 675 1251 738 Res

247 806 348 862 tamen
379 796 516 881 postulat
545 802 582 859 ut
604 796 687 879 quod
710 796 808 859 sentio
832 795 939 859 dicam.
980 795 1066 863 Mihi
1089 794 1252 879 diligenter

247 917 424 981 examinatis
449 916 496 978 his
519 914 656 999 epistolis
679 923 709 977 et
732 914 886 998 perpensis
908 936 986 997 quae
998 915 1072 991 Ast,
1090 913 1251 991 Salomon,

248 1034 415 1120 Wiegand,
456 1033 630 1110 Hermann,
655 1032 746 1096 ceteri
771 1032 1049 1096 animadverterunt
1063 1032 1103 1115 l),
1133 1032 1251 1115 liquere

246 1154 346 1217 visum
369 1162 431 1230 est,
456 1176 505 1216 eas
528 1174 632 1216 omnes
656 1159 687 1215 et
709 1158 888 1236 argumento
911 1160 941 1215 et
962 1152 1098 1224 oratione
1113 1152 1157 1214 ita
1172 1174 1252 1215 oom-

247 1250 367 1357 paratas
389 1294 468 1350 esse,
495 1280 531 1334 ut
546 1294 601 1335 neo
614 1270 772 1334 Platonem
790 1293 846 1334 nec
861 1269 1066 1354 Speusippum
1082 1292 1137 1333 neo
1153 1292 1252 1333 unum

248 1415 264 1456 e
291 1385 490 1455 familiaribus
521 1390 657 1454 Platonis
681 1397 836 1453 auctorem
859 1390 1005 1467 referant,
1036 1389 1089 1452 sed
1118 1389 1251 1472 aliquem

249 1509 296 1574 vel
319 1509 422 1596 potius
445 1508 563 1592 aliquos
587 1515 623 1572 en
645 1508 833 1572 imitatorum
849 1531 957 1593 grege,
975 1509 1029 1592 qui
1045 1515 1169 1571 centum
1184 1508 1252 1592 plu-

153 1676 155 1679 -
247 1629 368 1692 ribusve
391 1628 478 1691 annis
501 1634 571 1712 post
594 1627 739 1691 vixerint:
763 1627 899 1690 homiues
923 1627 1171 1710 φιλοπλάτωνας,
1196 1625 1251 1708 qui

247 1748 377 1811 lectione
400 1748 465 1830 ejus
481 1746 607 1824 imbuti,
630 1746 663 1808 in
678 1729 805 1809 historia
820 1745 937 1809 modice
954 1745 1080 1822 versati,
1105 1745 1136 1808 in
1153 1745 1252 1829 philo·

248 1866 356 1951 sophia
382 1887 506 1950 parum,
538 1882 556 1928 'a
586 1864 723 1928 Platonis
754 1864 871 1928 scriniis
894 1864 968 1927 haee
991 1864 1155 1949 specimina
1181 1886 1252 1927 eon·

248 1984 445 2049 einnaverint.
491 1983 619 2047 Illarum
648 1990 750 2046 autem
780 1989 817 2045 ut
846 1983 992 2067 optimam
1014 1982 1058 2046 ita
1080 1983 1253 2066 antiquissi-

247 2125 328 2167 mam
360 2125 424 2166 esse
455 2100 622 2186 Epistulam
654 2100 735 2179 VII,
767 2124 803 2165 ex
833 2101 890 2164 hae
916 2110 1029 2165 ceteras
1052 2100 1252 2186 plerasquea

249 2222 412 2286 serioribus
436 2244 500 2285 esse
523 2243 676 2306 proeusas.

293 2337 416 2421 Quibus
443 2341 629 2424 argumentis
652 2341 726 2404 haee
749 2362 815 2404 mea
838 2339 941 2424 opinio
964 2340 1097 2418 nitatur,
1121 2363 1251 2424 sequens

248 2460 416 2545 disputatio
440 2458 611 2543 explicabit.

281 2733 304 2794 l)
322 2733 356 2780 Iar
374 2731 410 2780 his
428 2733 473 2780 Ast
489 2747 570 2779 omnes
587 2731 705 2796 Epistolaa
722 2732 805 2780 ordine
822 2736 847 2780 et
859 2731 971 2794 carpum,
989 2731 1101 2779 Salomon
1113 2730 1167 2779 data
1178 2746 1250 2794 opera

248 2827 296 2876 vll
318 2833 342 2876 et
363 2828 438 2886 VIII,
464 2826 608 2875 Tiedemann
631 2833 655 2876 et
672 2827 786 2891 Wiegand
803 2827 842 2886 11,
861 2827 982 2875 Hermann
999 2825 1062 2886 (libr.
1080 2826 1143 2875 laud.
1160 2843 1183 2890 p.
1202 2825 1250 2874 502

248 2927 310 2972 nott.
327 2922 389 2982 216,
408 2923 464 2984 220)
482 2922 606 2986 praecipua
623 2923 685 2971 VIII
703 2922 729 2971 in
746 2938 842 2971 examen
862 2925 985 2971 vocarunt.
