2746 4950
658 337 718 397 129

182 543 246 622 bit,
270 543 367 630 Epist.
394 542 475 621 VII,
501 566 530 628 p.
555 545 618 609 327
644 542 755 606 B-D.
776 545 798 626 ¹)
844 541 927 605 Mors
950 550 1051 606 autern
1075 542 1187 628 Diony-

182 663 220 725 sii
235 663 356 727 maioris
373 662 454 726 cadit
469 662 501 726 in
517 660 567 725 Ol.
588 663 665 738 103,
684 663 719 739 23
738 683 763 724 a.
781 683 807 724 a.
826 659 860 724 O.
878 663 952 727 367.
981 659 1066 724 Idem
1085 661 1189 724 scribit
1257 681 1259 685 ’

183 779 305 865 Nepos,
337 781 429 844 Dion.
454 802 480 844 c.
513 782 551 858 3,
582 777 710 859 „Quum
743 778 802 842 Dio
832 801 894 842 non
925 779 1083 843 desisteret
1106 779 1190 843 obse·

182 921 266 963 orare
281 899 463 984 Dionysium
485 906 521 962 ut
508 897 613 962 ttPla
600 906 702 961 tonem
718 899 760 961 At
761 898 847 960 henis
871 905 1048 976 arcesseret,
1071 899 1189 962 -ille

183 1039 296 1081 morem
320 1013 348 1080 e'i
371 1017 472 1101 gessit'
451 1015 559 1081 t'Of.
584 1015 777 1094 Plutarchus,
795 1016 886 1080 Dion.
904 1038 929 1081 c.
949 1019 999 1080 12.
1031 1016 1112 1102 Ergo
1128 1038 1190 1080 non

183 1137 287 1201 statim
317 1136 459 1219 quidem,
491 1137 628 1222 proximo
658 1147 760 1199 tamen
793 1144 861 1221 post
893 1143 1019 1199 mortem
1051 1136 1191 1221 Dionysii

184 1256 306 1319 maioris
338 1278 434 1333 6666,
467 1255 498 1319 h.
523 1279 548 1319 6.
573 1258 636 1319 366
661 1279 688 1319 6.
712 1254 766 1332 (1.,
790 1255 948 1319 Platonem
971 1255 1083 1319 iterum
1107 1255 1192 1340 Syra·

185 1395 273 1438 cusas
304 1374 420 1437 venisse
449 1373 604 1459 probabile
628 1382 682 1437 est.
729 1372 848 1451 Quarto
872 1382 974 1438 autem
997 1396 1099 1437 mense
1123 1381 1192 1458 post

185 1492 270 1556 illius
293 1492 457 1581 adveutum
481 1492 619 1577 Epistola
642 1491 706 1555 VII
727 1485 768 1576 (p.
790 1495 853 1556 329
876 1491 912 1576 0)
941 1491 1045 1555 scribit
1062 1491 1191 1555 Dionem

186 1611 308 1674 civitate
339 1611 462 1695 pulsum
494 1633 578 1688 esse,
610 1610 769 1674 Platonem
793 1633 863 1674 vero
887 1633 903 1672 a
930 1618 1058 1694 tyranno
1082 1610 1191 1694 partim

186 1730 344 1793 blanditiis
367 1730 477 1818 partin}
500 1730 679 1793 necessitate
702 1736 853 1792 retentum
874 1728 1053 1812 aliquandiu
1069 1728 1193 1813 Syracu·

187 1850 228 1912 sis
251 1849 438 1912 remansisse.
484 1846 617 1928 Quando
641 1855 742 1910 autem
765 1869 902 1910 reversus
926 1847 1021 1910 sitin
1045 1847 1192 1931 patriam,

186 1968 219 2032 id
250 1991 357 2053 parum
387 1968 494 2051 liquet.
541 1966 687 2045 Corsinus
719 1966 763 2050 (ll.
796 1989 825 2050 p.
861 1968 935 2050 112)
971 1989 1007 2029 ex
1039 1966 1194 2050 Epistolae

188 2086 223 2149 Π
238 2087 326 2149 initio
342 2085 449 2164 efficit,
467 2109 537 2149 eum
556 2091 685 2149 exeunte
700 2084 756 2147 hac
768 2082 949 2169 Olympiade
961 2086 1050 2167 (103)
1064 2107 1079 2147 6
1091 2083 1195 2147 Sicilia

187 2205 329 2268 reducem
358 2204 396 2268 ad
419 2205 590 2289 proximum
613 2201 825 2288 Olympiorum
850 2209 1050 2278 conventum,
1075 2225 1101 2264 6.
1130 2204 1193 2265 365

188 2322 343 2401 habitum,
372 2345 403 2386 66
426 2323 590 2387 contulisse
597 2349 606 2401 ;
630 2329 720 2407 putat
743 2321 824 2386 enim
848 2321 925 2385 hanc
949 2321 1109 2406 epistolam
1126 2328 1195 2404 post

187 2441 320 2506 reditum
350 2465 367 2506 6
393 2442 526 2507 secundo
550 2443 658 2506 itinere
682 2442 825 2526 scriptam
850 2463 924 2505 esse.
970 2443 1013 2503 At
1040 2461 1131 2524 supra
1155 2439 1197 2502 vi·

190 2561 292 2625 dimus
322 2563 363 2646 (p.
394 2564 463 2646 19),
487 2558 656 2646 Epistolam
679 2560 714 2624 H
736 2561 838 2646 potius
862 2560 1006 2644 scriptam
1030 2559 1103 2642 fingi
1126 2564 1197 2642 post

182 2680 334 2745 “ultimum
357 2681 428 2758 iter,
453 2687 488 2743 ut
511 2678 722 2764 Olympiorum
745 2686 912 2743 conventus
936 2679 989 2762 qui
1012 2677 1062 2740 hic
1087 2699 1198 2740 memo·

191 2806 238 2862 rat
240 2821 277 2862 ur
304 2798 457 2863 idemtsit
488 2795 1053 2882 cuiusmcntiofitt111Epistt,VII
1077 2819 1106 2880 p.
1131 2797 1195 2857 356

191 2919 236 2996 Β,
257 2918 314 3002 qui
337 2926 503 2984 conventus
526 2917 667 2981 incidit
620 2927 741 2981 t.1na
771 2919 834 2980 360
859 2939 885 2980 6.
903 2915 938 2980 0.
968 2915 1071 2995 Quare
1087 2938 1123 2978 ex
1143 2914 1197 2977 illa

194 3037 273 3122 epist
261 3036 323 3100 tola
356 3036 395 3100 ad
429 3037 554 3101 secundi
584 3037 701 3100 itineris
733 3042 854 3119 tempus
884 3034 1090 3098 deliniendum
1120 3011 1197 3097 nihil

193 3155 350 3240 proficitur
313 3154 400 3240 urst)

238 3273 334 3337 Tertii
364 3273 481 3338 itineris
512 3282 632 3359 tempus
659 3273 826 3337 aPlatone
849 3269 915 3336 uon¹
934 3273 1013 3337 clare
1035 3272 1196 3336 indicatur.
1228 3264 1234 3272 ⁸

194 3394 279 3457 Dicit
294 3416 339 3471 sc,
357 3393 437 3457 bello
454 3394 485 3457 iu
501 3393 604 3457 Sicilia
619 3402 696 3471 orto,
714 3417 731 3456 a
746 3394 893 3478 Dionysio
909 3392 1068 3457 dimissum
1084 3413 1198 3455 666666

195 3511 389 3590 condicione,
403 3521 448 3589 ut,
462 3535 535 3597 pace
550 3513 700 3590 restituta,
717 3535 779 3576 666
791 3535 860 3576 cum
873 3511 971 3575 Dione
982 3518 1181 3574 reverteretur
1188 3536 1197 3586 ;

196 3632 308 3716 quibus
325 3631 465 3717 deinceps
490 3632 563 3696 haec
587 3633 685 3710 addit,
710 3657 739 3718 p.
764 3635 828 3696 338
852 3632 893 3696 B:
918 3631 1070 3710 γενομένης
1093 3631 1200 3711 δἐἱρή-

230 3951 254 4012 l)
272 3952 349 4007 Aloros
366 3955 387 4002 tr
402 3953 476 4017 61616
491 3951 552 4009 ὄντος
569 3957 629 4018 μέσῃ
647 3954 683 4001 aad
698 3952 856 4016 aeternale.
882 3949 957 4014 Epist.
975 3948 1030 4005 Ill,
1050 3946 1097 3996 316
1116 3946 1143 3994 0.

230 4043 255 4105 2)
272 4044 352 4093 Etiam
369 4045 471 4093 Grotens
488 4046 588 4104 cundem
601 4046 766 4109 Olympiorum
781 4048 922 4094 conventum
940 4045 964 4092 in
983 4047 1082 4106 utraque
1102 4041 1199 4106 epistola

199 4139 325 4201 significari
342 4143 429 4188 censet.
447 4139 500 4187 Vol.
518 4139 565 4197 Xl,
582 4156 605 4204 p.
623 4139 668 4198 82,
686 4156 709 4189 6.
726 4143 749 4188 6.

1063 4235 1083 4288 9
