2746 4950
663 373 720 431 lat

185 579 308 642 fuerunt
347 602 373 641 a.
411 578 448 641 U.
480 580 562 656 408,
595 601 620 642 a.
653 577 686 641 C.
720 581 800 656 348,
833 601 894 662 quo
928 580 997 664 ipso
1029 603 1116 644 anno
1147 593 1196 646 ant

185 699 321 783 proximo
351 697 438 760 Plato
469 697 550 761 diem
578 698 663 762 obiit.
710 696 803 776 Quod
827 698 864 761 ad
888 697 1038 763 Pontium
1063 702 1191 778 attinet,

184 817 236 899 qui
260 816 374 900 proelio
397 815 536 880 Caudino
560 839 651 880 senex
674 817 733 880 fuit
756 817 877 901 „gravis
902 817 1012 881 annis”
1029 817 1115 903 (Liv.
1129 819 1194 897 IX,

185 938 233 1018 3),
258 937 284 999 si
307 936 448 1020 ponimus
472 958 541 998 eum
564 958 590 998 a.
616 959 641 998 a.
668 934 702 998 C.
725 937 807 1014 321,
824 958 885 1019 qno
901 945 1080 1020 pugnatum
1098 948 1145 1004 est
1161 939 1194 1003 ad

182 1053 316 1117 furculas
333 1053 503 1131 Caudinae,
521 1054 679 1137 sexaginta
696 1054 832 1137 quinque
848 1076 942 1118 annos
957 1063 1070 1120 natum
1084 1058 1194 1135 fnisse,

182 1173 341 1236 Platonem
359 1173 469 1236 iterum
485 1171 608 1236 Tarenti
625 1173 794 1256 degentem,
812 1174 891 1237 eirca
906 1197 1024 1238 annum
1038 1178 1106 1239 365
1122 1200 1149 1240 a.
1163 1176 1194 1241 O.

182 1291 283 1354 videre
305 1290 348 1354 ibi
369 1291 522 1375 potuit,¹)
539 1291 712 1364 adolescens
728 1292 837 1374 viginti
853 1315 1014 1357 annornm.
1040 1293 1195 1359 Credibile

180 1418 282 1473 tamen
305 1418 401 1473 totam
425 1409 502 1473 hane
526 1410 729 1473 narrationem
751 1433 815 1474 esse
836 1411 1004 1488 fictionem,
1019 1414 1192 1498 cujusmodi

180 1528 283 1613 plnres
307 1529 476 1611 antiquitus
499 1529 689 1607 ferebantur,
714 1529 874 1593 consulum
890 1530 1017 1593 nomina
1033 1532 1062 1594 si
1077 1554 1097 1594 a
1114 1532 1194 1597 Cice·

180 1669 253 1723 rone
269 1646 372 1721 addita
388 1655 474 1724 sunt,
493 1647 576 1711 aliud
593 1656 672 1710 certe
685 1670 776 1731 agens
789 1649 884 1712 Attici
897 1649 1035 1712 Annales
1048 1651 1192 1736 inspexit.

181 1764 322 1829 Ceterum
346 1788 414 1829 curn
439 1788 475 1828 ex
498 1765 553 1829 hac
573 1767 799 1830 narratiuncula
815 1775 881 1830 tum
898 1789 914 1830 e
929 1767 1121 1852 scriptorum
1138 1770 1193 1833 dis-

181 1885 335 1962 sensione,
353 1907 444 1967 quam
460 1885 551 1948 modo
568 1885 672 1969 attigi,
691 1892 832 1969 apparet,
850 1885 941 1950 etiam
956 1887 988 1949 in
1009 1887 1071 1953 hoc
1084 1891 1192 1954 itinere

181 2005 219 2068 ad
241 2003 420 2068 Tarentinos
443 2003 542 2066 multa
562 2003 632 2067 ficta
655 2010 709 2067 aut
731 2005 811 2067 fama
834 2013 924 2068 aucta
945 2028 1022 2070 esse.
1055 2086 1059 2090 ἴ

225 2123 455 2207 Disquisitionis
490 2145 608 2186 summa
641 2122 701 2186 huc
731 2123 819 2187 redit.
871 2122 1112 2209 Quaecumque,
1147 2149 1192 2190 ex-

181 2242 276 2327 ceptis
298 2242 459 2306 itineribus
481 2242 514 2305 in
536 2241 658 2305 Italiam
671 2250 700 2304 et
712 2241 862 2319 Siciliam,
880 2242 918 2306 de
933 2242 1108 2328 longinqua
1125 2246 1192 2310 Pla·

179 2363 260 2425 tonis
276 2361 516 2447 peregrinatione
526 2369 698 2438 narrantur,
712 2384 746 2424 ea
758 2385 827 2425 enm
843 2361 1007 2446 Epistolis,
1024 2366 1192 2450 praecipue

180 2479 243 2543 VII
274 2488 303 2544 et
336 2479 405 2557 III,
436 2502 497 2543 non
524 2479 721 2557 concordare,
753 2487 845 2563 atque
875 2481 899 2543 si
931 2480 1126 2546 diversorum
1150 2492 1192 2548 te-

181 2599 273 2662 stium
304 2600 468 2662 auctoritas
492 2598 695 2683 ponderatur,
720 2593 872 2684 Epistolas
896 2601 1083 2683 antiquitate
1100 2611 1190 2710 ⁶corte

179 2718 286 2781 ceteris
310 2724 476 2794 antestare,
501 2716 583 2800 quod
603 2727 723 2781 mortuo
743 2716 865 2782 Socrate
885 2718 1041 2803 Megaram
1067 2743 1191 2786 conces·

179 2837 252 2900 sisse
275 2836 403 2914 dicitnr,
426 2836 475 2914 id,
500 2837 526 2899 si
556 2847 657 2900 tamen
684 2860 789 2900 verum
817 2846 879 2916 est,
907 2839 1011 2922 potius
1031 2839 1131 2905 fuisse
1148 2842 1191 2906 di·

179 2956 363 3040 gressionem
394 2977 483 3039 quam
512 2956 777 3020 commorationem
783 2982 791 3033 ;
824 2978 902 3040 quae
931 2957 967 3020 de
996 2959 1189 3042 profectione

155 3078 210 3144 ¹in
235 3078 409 3162 Aegyptum
432 3084 462 3139 et
485 3075 623 3160 Cyrenen
647 3083 676 3139 et
700 3075 737 3139 de
755 3077 933 3140 commercio
951 3098 1021 3140 curn
1038 3076 1143 3142 doctis
1159 3088 1189 3143 et

180 3196 385 3261 sacerdotibus
415 3195 654 3280 Hieropolitanis
684 3195 797 3259 tradita
827 3204 915 3273 sunt,
946 3196 1035 3259 valde
1067 3199 1189 3262 ineerta

179 3338 259 3393 esse,
284 3337 335 3392 ac,
359 3315 418 3378 nisi
439 3314 511 3376 ficta
526 3320 611 3390 sunt,
628 3314 707 3376 fama
723 3322 802 3377 certe
818 3337 911 3398 snpra
925 3313 1016 3377 fidem
1032 3317 1168 3381 crevisse
1177 3343 1186 3394 ;

178 3434 310 3517 denique
327 3434 366 3496 'si
397 3455 459 3497 non
487 3455 606 3496 omnem
629 3432 718 3496 fidem
741 3432 901 3496 itineribus
925 3431 985 3495 illis
1009 3434 1186 3517 negandam

178 3560 339 3638 putamus,
363 3559 443 3615 certe
465 3573 527 3614 non
551 3552 588 3616 de
611 3551 702 3636 longa
725 3552 965 3636 peregrinatione
981 3552 1186 3636 cogitandum

179 3694 259 3749 esse,
292 3671 343 3735 sed
374 3671 411 3734 de
441 3669 539 3734 brevis
556 3661 712 3754 ‘temporis
743 3693 880 3748 excessu,
906 3691 995 3754 quem
1022 3669 1186 3755 Epistulae

177 3790 316 3874 scriptori
339 3789 459 3853 silentio
482 3789 642 3873 praeterire
665 3788 794 3852 licuerit.

212 3991 235 4051 1)
258 3991 376 4054 Archytas
393 3991 455 4040 diem
473 3989 532 4039 obiit
549 4005 568 4037 a.
587 3988 647 4037 365:
666 3989 745 4053 itaque
762 3989 822 4038 alter
842 3989 949 4038 Platonis
960 3989 1079 4038 adventus
1097 3993 1187 4043 'Paren-

177 4088 228 4134 tum
246 4086 363 4135 antehoc
381 4091 475 4150 tempus
490 4085 569 4133 locum
587 4084 672 4132 habere
689 4084 778 4132 debuit.

604 4207 760 4233 ψ
