<?xml version="1.0" encoding="UTF-8"?>
<!DOCTYPE html PUBLIC "-//W3C//DTD XHTML 1.0 Transitional//EN"
    "http://www.w3.org/TR/xhtml1/DTD/xhtml1-transitional.dtd">
<html xmlns="http://www.w3.org/1999/xhtml" xml:lang="en" lang="en">
 <head>
  <title>
</title>
<meta http-equiv="Content-Type" content="text/html;charset=utf-8" />
  <meta name='ocr-system' content='tesseract 3.04.00' />
  <meta name='ocr-capabilities' content='ocr_page ocr_carea ocr_par ocr_line ocrx_word'/>
</head>
<body>
  <div class='ocr_page' id='page_1' title='image "./commentatiocrit00karsgoog_0121.png"; bbox 0 0 2746 4950; ppageno 0'>
   <div class='ocr_carea' id='block_1_1' title="bbox 663 365 703 423">
    <p class='ocr_par' dir='ltr' id='par_1_1' title="bbox 663 365 703 423">
     <span class='ocr_line' id='line_1_1' title="bbox 663 365 703 423; baseline -0.025 0"><span class='ocrx_word' id='word_1_1' title='bbox 663 365 703 423; x_wconf 76' lang='grc'><strong>92</strong></span> 
     </span>
    </p>
   </div>
   <div class='ocr_carea' id='block_1_2' title="bbox 179 568 1196 654">
    <p class='ocr_par' dir='ltr' id='par_1_2' title="bbox 179 568 1196 654">
     <span class='ocr_line' id='line_1_2' title="bbox 179 568 1196 654; baseline 0.002 -21"><span class='ocrx_word' id='word_1_2' title='bbox 179 568 356 653; x_wconf 79' lang='lat' dir='ltr'><strong>scriptorem</strong></span> <span class='ocrx_word' id='word_1_3' title='bbox 379 568 437 631; x_wconf 93' lang='lat' dir='ltr'><strong>hoc</strong></span> <span class='ocrx_word' id='word_1_4' title='bbox 460 568 559 632; x_wconf 82' lang='lat' dir='ltr'>dicere</span> <span class='ocrx_word' id='word_1_5' title='bbox 576 572 700 651; x_wconf 75' lang='lat' dir='ltr'><em>puderet</em></span> <span class='ocrx_word' id='word_1_6' title='bbox 718 570 907 652; x_wconf 76' lang='grc' dir='ltr'><em>(κίοχύνομοιι</em></span> <span class='ocrx_word' id='word_1_7' title='bbox 922 570 1047 654; x_wconf 78' lang='grc' dir='ltr'><strong>λέγειν),</strong></span> <span class='ocrx_word' id='word_1_8' title='bbox 1066 571 1196 636; x_wconf 88' lang='lat' dir='ltr'><strong>nullum</strong></span> 
     </span>
    </p>
   </div>
   <div class='ocr_carea' id='block_1_3' title="bbox 180 674 1194 776">
    <p class='ocr_par' dir='ltr' id='par_1_3' title="bbox 180 674 1194 776">
     <span class='ocr_line' id='line_1_3' title="bbox 180 674 1194 776; baseline 0.004 -27"><span class='ocrx_word' id='word_1_9' title='bbox 180 693 244 776; x_wconf 70' lang='lat' dir='ltr'><strong>erat</strong></span> <span class='ocrx_word' id='word_1_10' title='bbox 273 688 306 750; x_wconf 91' lang='lat' dir='ltr'><strong>in</strong></span> <span class='ocrx_word' id='word_1_11' title='bbox 336 686 394 750; x_wconf 92' lang='lat' dir='ltr'><strong>hoc</strong></span> <span class='ocrx_word' id='word_1_12' title='bbox 417 686 565 765; x_wconf 79' lang='lat' dir='ltr'><strong>dedecus3</strong></span> <span class='ocrx_word' id='word_1_13' title='bbox 590 687 643 750; x_wconf 87' lang='lat' dir='ltr'><strong>sed</strong></span> <span class='ocrx_word' id='word_1_14' title='bbox 666 679 843 767; x_wconf 76' lang='grc' dir='ltr'><em>κῖοχύνομοιι</em></span> <span class='ocrx_word' id='word_1_15' title='bbox 866 674 911 752; x_wconf 67' lang='grc' dir='ltr'><strong>ιη’</strong></span> <span class='ocrx_word' id='word_1_16' title='bbox 927 689 1036 753; x_wconf 85' lang='lat' dir='ltr'><strong>fortius</strong></span> <span class='ocrx_word' id='word_1_17' title='bbox 1060 689 1194 755; x_wconf 86' lang='lat' dir='ltr'><strong>verbum</strong></span> 
     </span>
    </p>
   </div>
   <div class='ocr_carea' id='block_1_4' title="bbox 175 806 1205 4216">
    <p class='ocr_par' dir='ltr' id='par_1_4' title="bbox 175 806 1205 4216">
     <span class='ocr_line' id='line_1_4' title="bbox 179 806 1196 892; baseline 0.002 -21"><span class='ocrx_word' id='word_1_18' title='bbox 179 807 283 892; x_wconf 81' lang='lat' dir='ltr'>posuit</span> <span class='ocrx_word' id='word_1_19' title='bbox 306 829 360 892; x_wconf 92' lang='lat' dir='ltr'><strong>pro</strong></span> <span class='ocrx_word' id='word_1_20' title='bbox 384 806 527 882; x_wconf 77' lang='grc' dir='ltr'><em>οιίδοῦμοιι.</em></span> <span class='ocrx_word' id='word_1_21' title='bbox 552 807 589 870; x_wconf 91' lang='lat' dir='ltr'><strong>cf.</strong></span> <span class='ocrx_word' id='word_1_22' title='bbox 615 830 706 892; x_wconf 90' lang='lat' dir='ltr'><strong>supra</strong></span> <span class='ocrx_word' id='word_1_23' title='bbox 721 830 750 891; x_wconf 92' lang='lat' dir='ltr'><strong>p.</strong></span> <span class='ocrx_word' id='word_1_24' title='bbox 770 810 822 870; x_wconf 85' lang='lat'><strong>50.</strong></span> <span class='ocrx_word' id='word_1_25' title='bbox 847 806 952 886; x_wconf 81' lang='lat' dir='ltr'><strong>Quum</strong></span> <span class='ocrx_word' id='word_1_26' title='bbox 970 816 1196 873; x_wconf 77' lang='lat' dir='ltr'><strong>commemorat</strong></span> 
     </span>
     <span class='ocr_line' id='line_1_5' title="bbox 178 897 1196 1012; baseline 0.004 -24"><span class='ocrx_word' id='word_1_27' title='bbox 178 897 309 989; x_wconf 85' lang='lat' dir='ltr'><strong>Dionem</strong></span> <span class='ocrx_word' id='word_1_28' title='bbox 333 948 351 988; x_wconf 91' lang='lat' dir='ltr'><strong>a</strong></span> <span class='ocrx_word' id='word_1_29' title='bbox 372 924 520 1009; x_wconf 85' lang='lat' dir='ltr'><strong>Dionysio</strong></span> <span class='ocrx_word' id='word_1_30' title='bbox 544 925 576 988; x_wconf 91' lang='lat' dir='ltr'><strong>in</strong></span> <span class='ocrx_word' id='word_1_31' title='bbox 599 925 739 1012; x_wconf 76' lang='lat' dir='ltr'><strong>exsilium</strong></span> <span class='ocrx_word' id='word_1_32' title='bbox 763 927 892 1010; x_wconf 88' lang='lat' dir='ltr'><strong>ejectum</strong></span> <span class='ocrx_word' id='word_1_33' title='bbox 917 949 997 1003; x_wconf 90' lang='lat' dir='ltr'><strong>esse,</strong></span> <span class='ocrx_word' id='word_1_34' title='bbox 1020 926 1068 989; x_wconf 92' lang='lat' dir='ltr'><strong>his</strong></span> <span class='ocrx_word' id='word_1_35' title='bbox 1088 929 1196 992; x_wconf 87' lang='lat' dir='ltr'><strong>utitur</strong></span> 
     </span>
     <span class='ocr_line' id='line_1_6' title="bbox 180 1027 1195 1130; baseline 0.006 -24"><span class='ocrx_word' id='word_1_36' title='bbox 180 1044 294 1123; x_wconf 77' lang='lat' dir='ltr'><strong>sarbia,</strong></span> <span class='ocrx_word' id='word_1_37' title='bbox 326 1069 355 1130; x_wconf 93' lang='lat' dir='ltr'><strong>p.</strong></span> <span class='ocrx_word' id='word_1_38' title='bbox 388 1047 452 1108; x_wconf 82' lang='grc'><strong>316</strong></span> <span class='ocrx_word' id='word_1_39' title='bbox 483 1044 529 1107; x_wconf 92' lang='lat' dir='ltr'><strong>D:</strong></span> <span class='ocrx_word' id='word_1_40' title='bbox 561 1047 594 1109; x_wconf 85' lang='grc' dir='ltr'><strong>τὸ</strong></span> <span class='ocrx_word' id='word_1_41' title='bbox 614 1027 707 1121; x_wconf 73' lang='grc' dir='ltr'><strong>Ιμενοι</strong></span> <span class='ocrx_word' id='word_1_42' title='bbox 737 1049 820 1108; x_wconf 81' lang='grc' dir='ltr'><em>τοῦτο</em></span> <span class='ocrx_word' id='word_1_43' title='bbox 849 1043 901 1108; x_wconf 76' lang='grc' dir='ltr'><strong>εἴτ’</strong></span> <span class='ocrx_word' id='word_1_44' title='bbox 923 1043 1108 1120; x_wconf 78' lang='grc' dir='ltr'><em>ἄνθρωπος</em></span> <span class='ocrx_word' id='word_1_45' title='bbox 1133 1047 1195 1112; x_wconf 81' lang='grc' dir='ltr'><em>εἴτε</em></span> 
     </span>
     <span class='ocr_line' id='line_1_7' title="bbox 179 1162 1194 1244; baseline 0.001 -17"><span class='ocrx_word' id='word_1_46' title='bbox 179 1164 253 1234; x_wconf 76' lang='grc' dir='ltr'><strong>θεὸς</strong></span> <span class='ocrx_word' id='word_1_47' title='bbox 277 1162 335 1227; x_wconf 75' lang='grc' dir='ltr'><em>εἴτε</em></span> <span class='ocrx_word' id='word_1_48' title='bbox 357 1163 453 1242; x_wconf 81' lang='grc' dir='ltr'><em>τύχη</em></span> <span class='ocrx_word' id='word_1_49' title='bbox 478 1187 521 1234; x_wconf 84' lang='grc' dir='ltr'><strong>τις</strong></span> <span class='ocrx_word' id='word_1_50' title='bbox 544 1163 625 1241; x_wconf 71' lang='grc' dir='ltr'><em>μετὰ</em></span> <span class='ocrx_word' id='word_1_51' title='bbox 647 1168 696 1227; x_wconf 80' lang='grc' dir='ltr'>οοῦ</span> <span class='ocrx_word' id='word_1_52' title='bbox 720 1163 816 1227; x_wconf 83' lang='grc' dir='ltr'><em>Δίωνοι</em></span> <span class='ocrx_word' id='word_1_53' title='bbox 837 1162 962 1240; x_wconf 77' lang='grc' dir='ltr'><em>ἐξέβοιλε</em></span> <span class='ocrx_word' id='word_1_54' title='bbox 982 1163 1031 1227; x_wconf 76' lang='lat' dir='ltr'><strong>sai</strong></span> <span class='ocrx_word' id='word_1_55' title='bbox 1052 1165 1194 1244; x_wconf 73' lang='grc' dir='ltr'><strong>ἐλείφθης</strong></span> 
     </span>
     <span class='ocr_line' id='line_1_8' title="bbox 178 1279 1193 1365; baseline 0.002 -21"><span class='ocrx_word' id='word_1_56' title='bbox 178 1281 271 1359; x_wconf 81' lang='grc' dir='ltr'><em>μόνος.</em></span> <span class='ocrx_word' id='word_1_57' title='bbox 300 1279 389 1344; x_wconf 80' lang='lat' dir='ltr'><strong>Tales</strong></span> <span class='ocrx_word' id='word_1_58' title='bbox 412 1280 561 1365; x_wconf 79' lang='lat' dir='ltr'><strong>ampullas</strong></span> <span class='ocrx_word' id='word_1_59' title='bbox 585 1281 653 1364; x_wconf 91' lang='lat' dir='ltr'><strong>quis</strong></span> <span class='ocrx_word' id='word_1_60' title='bbox 676 1302 737 1344; x_wconf 92' lang='lat' dir='ltr'><strong>non</strong></span> <span class='ocrx_word' id='word_1_61' title='bbox 762 1279 881 1344; x_wconf 80' lang='lat' dir='ltr'><strong>rideat?</strong></span> <span class='ocrx_word' id='word_1_62' title='bbox 904 1281 960 1344; x_wconf 90' lang='lat' dir='ltr'><strong>Uti</strong></span> <span class='ocrx_word' id='word_1_63' title='bbox 976 1288 1079 1345; x_wconf 90' lang='lat' dir='ltr'><strong>autem</strong></span> <span class='ocrx_word' id='word_1_64' title='bbox 1096 1282 1193 1346; x_wconf 90' lang='lat' dir='ltr'><strong>modo</strong></span> 
     </span>
     <span class='ocr_line' id='line_1_9' title="bbox 178 1371 1194 1484; baseline 0.002 -20"><span class='ocrx_word' id='word_1_65' title='bbox 178 1401 211 1464; x_wconf 90' lang='lat' dir='ltr'><strong>in</strong></span> <span class='ocrx_word' id='word_1_66' title='bbox 241 1398 340 1464; x_wconf 86' lang='lat' dir='ltr'><strong>verbis</strong></span> <span class='ocrx_word' id='word_1_67' title='bbox 370 1406 470 1465; x_wconf 81' lang='grc' dir='ltr'><em>τοῦτον</em></span> <span class='ocrx_word' id='word_1_68' title='bbox 497 1400 550 1475; x_wconf 76' lang='grc' dir='ltr'><strong>μὲν</strong></span> <span class='ocrx_word' id='word_1_69' title='bbox 573 1397 659 1471; x_wconf 76' lang='grc' dir='ltr'><em>οὕτως</em></span> <span class='ocrx_word' id='word_1_70' title='bbox 683 1400 815 1480; x_wconf 75' lang='grc' dir='ltr'><strong>εἰρήσθω,</strong></span> <span class='ocrx_word' id='word_1_71' title='bbox 840 1400 884 1462; x_wconf 91' lang='lat' dir='ltr'><strong>ita</strong></span> <span class='ocrx_word' id='word_1_72' title='bbox 907 1371 1087 1484; x_wconf 84' lang='lat' dir='ltr'><strong>plerumque</strong></span> <span class='ocrx_word' id='word_1_73' title='bbox 1114 1402 1194 1466; x_wconf 90' lang='lat' dir='ltr'><strong>solet</strong></span> 
     </span>
     <span class='ocr_line' id='line_1_10' title="bbox 179 1502 1192 1603; baseline 0.003 -21"><span class='ocrx_word' id='word_1_74' title='bbox 179 1502 310 1583; x_wconf 84' lang='lat' dir='ltr'><strong>formula</strong></span> <span class='ocrx_word' id='word_1_75' title='bbox 339 1519 470 1603; x_wconf 89' lang='lat' dir='ltr'><strong>quadam</strong></span> <span class='ocrx_word' id='word_1_76' title='bbox 502 1520 563 1597; x_wconf 89' lang='lat' dir='ltr'><strong>uti,</strong></span> <span class='ocrx_word' id='word_1_77' title='bbox 597 1542 658 1603; x_wconf 88' lang='lat' dir='ltr'><strong>qua</strong></span> <span class='ocrx_word' id='word_1_78' title='bbox 688 1520 726 1583; x_wconf 85' lang='lat' dir='ltr'><strong>ab</strong></span> <span class='ocrx_word' id='word_1_79' title='bbox 749 1541 811 1583; x_wconf 93' lang='lat' dir='ltr'><strong>uno</strong></span> <span class='ocrx_word' id='word_1_80' title='bbox 835 1527 1014 1603; x_wconf 82' lang='lat' dir='ltr'><strong>argumento</strong></span> <span class='ocrx_word' id='word_1_81' title='bbox 1039 1519 1077 1582; x_wconf 91' lang='lat' dir='ltr'><strong>ad</strong></span> <span class='ocrx_word' id='word_1_82' title='bbox 1104 1521 1192 1585; x_wconf 88' lang='lat' dir='ltr'><strong>aliud</strong></span> 
     </span>
     <span class='ocr_line' id='line_1_11' title="bbox 181 1634 1193 1723; baseline 0.001 -22"><span class='ocrx_word' id='word_1_83' title='bbox 181 1645 329 1716; x_wconf 89' lang='lat' dir='ltr'><strong>transeat,</strong></span> <span class='ocrx_word' id='word_1_84' title='bbox 357 1638 453 1701; x_wconf 88' lang='lat' dir='ltr'><strong>veluti</strong></span> <span class='ocrx_word' id='word_1_85' title='bbox 472 1662 502 1723; x_wconf 90' lang='lat' dir='ltr'><strong>p.</strong></span> <span class='ocrx_word' id='word_1_86' title='bbox 524 1641 586 1702; x_wconf 83' lang='grc'><strong>317</strong></span> <span class='ocrx_word' id='word_1_87' title='bbox 605 1639 647 1701; x_wconf 88' lang='lat' dir='ltr'><strong>A:</strong></span> <span class='ocrx_word' id='word_1_88' title='bbox 671 1638 720 1702; x_wconf 74' lang='grc' dir='ltr'><em>κοιὶ</em></span> <span class='ocrx_word' id='word_1_89' title='bbox 742 1643 860 1702; x_wconf 80' lang='grc' dir='ltr'><em>τοῦτον</em></span> <span class='ocrx_word' id='word_1_90' title='bbox 875 1638 935 1714; x_wconf 81' lang='grc' dir='ltr'><strong>μὲν</strong></span> <span class='ocrx_word' id='word_1_91' title='bbox 951 1634 1056 1709; x_wconf 78' lang='grc' dir='ltr'><em>οὕτως</em></span> <span class='ocrx_word' id='word_1_92' title='bbox 1072 1637 1193 1715; x_wconf 74' lang='grc' dir='ltr'><em>ἐγένετο</em></span> 
     </span>
     <span class='ocr_line' id='line_1_12' title="bbox 178 1755 1191 1838; baseline -0.002 -18"><span class='ocrx_word' id='word_1_93' title='bbox 178 1765 231 1832; x_wconf 74' lang='grc' dir='ltr'><strong>τῆς</strong></span> <span class='ocrx_word' id='word_1_94' title='bbox 261 1759 332 1831; x_wconf 73' lang='grc' dir='ltr'><strong>ἐμῆς</strong></span> <span class='ocrx_word' id='word_1_95' title='bbox 363 1758 402 1829; x_wconf 79' lang='grc' dir='ltr'><strong>εἷς</strong></span> <span class='ocrx_word' id='word_1_96' title='bbox 433 1757 620 1838; x_wconf 74' lang='grc' dir='ltr'><em>Συρακούσης</em></span> <span class='ocrx_word' id='word_1_97' title='bbox 652 1756 817 1832; x_wconf 76' lang='grc' dir='ltr'><em>οὶποδημίοις</em></span> <span class='ocrx_word' id='word_1_98' title='bbox 841 1755 902 1836; x_wconf 80' lang='grc' dir='ltr'><em>πέρι</em></span> <span class='ocrx_word' id='word_1_99' title='bbox 925 1764 976 1829; x_wconf 73' lang='grc' dir='ltr'><strong>τῆς</strong></span> <span class='ocrx_word' id='word_1_100' title='bbox 1000 1755 1116 1836; x_wconf 78' lang='grc' dir='ltr'><em>πρώτης</em></span> <span class='ocrx_word' id='word_1_101' title='bbox 1141 1758 1191 1822; x_wconf 71' lang='lat' dir='ltr'><strong>nat</strong></span> 
     </span>
     <span class='ocr_line' id='line_1_13' title="bbox 178 1873 1193 1960; baseline -0.001 -21"><span class='ocrx_word' id='word_1_102' title='bbox 178 1883 230 1950; x_wconf 76' lang='grc' dir='ltr'><strong>τῆς</strong></span> <span class='ocrx_word' id='word_1_103' title='bbox 253 1874 343 1939; x_wconf 76' lang='grc' dir='ltr'><em>ποὲλιν</em></span> <span class='ocrx_word' id='word_1_104' title='bbox 362 1874 456 1940; x_wconf 78' lang='grc' dir='ltr'><em>οἵκοιδε</em></span> <span class='ocrx_word' id='word_1_105' title='bbox 475 1875 626 1953; x_wconf 77' lang='grc' dir='ltr'><em>σωτηρίης.</em></span> <span class='ocrx_word' id='word_1_106' title='bbox 662 1874 779 1938; x_wconf 85' lang='lat' dir='ltr'><strong>Rursus</strong></span> <span class='ocrx_word' id='word_1_107' title='bbox 800 1898 829 1960; x_wconf 88' lang='lat' dir='ltr'><strong>p.</strong></span> <span class='ocrx_word' id='word_1_108' title='bbox 848 1875 911 1937; x_wconf 82' lang='lat'><strong>318</strong></span> <span class='ocrx_word' id='word_1_109' title='bbox 928 1873 973 1937; x_wconf 94' lang='lat' dir='ltr'><strong>D:</strong></span> <span class='ocrx_word' id='word_1_110' title='bbox 1000 1874 1049 1939; x_wconf 77' lang='lat' dir='ltr'><strong>xci</strong></span> <span class='ocrx_word' id='word_1_111' title='bbox 1068 1882 1193 1940; x_wconf 81' lang='grc' dir='ltr'><em>τοιῦτοι</em></span> 
     </span>
     <span class='ocr_line' id='line_1_14' title="bbox 179 1989 1192 2076; baseline 0 -19"><span class='ocrx_word' id='word_1_112' title='bbox 179 1993 240 2071; x_wconf 78' lang='grc' dir='ltr'><strong>μὲν</strong></span> <span class='ocrx_word' id='word_1_113' title='bbox 266 1989 380 2074; x_wconf 78' lang='grc' dir='ltr'><em>τοιύτη</em></span> <span class='ocrx_word' id='word_1_114' title='bbox 406 1994 468 2071; x_wconf 74' lang='grc' dir='ltr'><strong>περὶ</strong></span> <span class='ocrx_word' id='word_1_115' title='bbox 492 1992 533 2057; x_wconf 75' lang='grc' dir='ltr'><strong>τοὶ</strong></span> <span class='ocrx_word' id='word_1_116' title='bbox 556 1991 692 2057; x_wconf 72' lang='grc' dir='ltr'><em>πολιτικοὶ</em></span> <span class='ocrx_word' id='word_1_117' title='bbox 714 2001 766 2067; x_wconf 74' lang='grc' dir='ltr'><strong>τῆς</strong></span> <span class='ocrx_word' id='word_1_118' title='bbox 789 1992 929 2064; x_wconf 79' lang='grc' dir='ltr'><em>κοινωνίοις</em></span> <span class='ocrx_word' id='word_1_119' title='bbox 955 1993 1020 2076; x_wconf 85' lang='lat' dir='ltr'><strong>(pro</strong></span> <span class='ocrx_word' id='word_1_120' title='bbox 1045 1993 1110 2071; x_wconf 76' lang='grc' dir='ltr'><strong>περὶ</strong></span> <span class='ocrx_word' id='word_1_121' title='bbox 1137 2002 1192 2068; x_wconf 76' lang='grc' dir='ltr'><strong>τῆς</strong></span> 
     </span>
     <span class='ocr_line' id='line_1_15' title="bbox 178 2112 1194 2196; baseline 0 -20"><span class='ocrx_word' id='word_1_122' title='bbox 178 2119 233 2176; x_wconf 80' lang='grc' dir='ltr'><strong>τῶν</strong></span> <span class='ocrx_word' id='word_1_123' title='bbox 255 2118 407 2176; x_wconf 81' lang='grc' dir='ltr'><em>πολιτικῶν</em></span> <span class='ocrx_word' id='word_1_124' title='bbox 426 2112 578 2196; x_wconf 77' lang='grc' dir='ltr'><em>κοινωνίοις)</em></span> <span class='ocrx_word' id='word_1_125' title='bbox 597 2120 650 2187; x_wconf 75' lang='grc' dir='ltr'><strong>τῆς</strong></span> <span class='ocrx_word' id='word_1_126' title='bbox 669 2115 741 2189; x_wconf 74' lang='grc' dir='ltr'><strong>ἐμῆς</strong></span> <span class='ocrx_word' id='word_1_127' title='bbox 761 2112 809 2175; x_wconf 70' lang='lat' dir='ltr'><strong>aa&gt;</strong></span> <span class='ocrx_word' id='word_1_128' title='bbox 829 2121 899 2192; x_wconf 73' lang='grc' dir='ltr'><strong>τῆς,</strong></span> <span class='ocrx_word' id='word_1_129' title='bbox 928 2133 1005 2194; x_wconf 91' lang='lat' dir='ltr'><strong>quae</strong></span> <span class='ocrx_word' id='word_1_130' title='bbox 1027 2133 1097 2174; x_wconf 87' lang='lat' dir='ltr'><strong>mox</strong></span> <span class='ocrx_word' id='word_1_131' title='bbox 1116 2134 1194 2196; x_wconf 90' lang='lat' dir='ltr'><strong>pau·</strong></span> 
     </span>
     <span class='ocr_line' id='line_1_16' title="bbox 178 2229 1202 2315; baseline 0.002 -20"><span class='ocrx_word' id='word_1_132' title='bbox 178 2231 244 2295; x_wconf 89' lang='lat' dir='ltr'><strong>lum</strong></span> <span class='ocrx_word' id='word_1_133' title='bbox 265 2231 428 2295; x_wconf 88' lang='lat' dir='ltr'><strong>immutata</strong></span> <span class='ocrx_word' id='word_1_134' title='bbox 449 2230 559 2295; x_wconf 89' lang='lat' dir='ltr'><strong>iterum</strong></span> <span class='ocrx_word' id='word_1_135' title='bbox 583 2231 744 2315; x_wconf 83' lang='lat' dir='ltr'><strong>leguntur:</strong></span> <span class='ocrx_word' id='word_1_136' title='bbox 763 2229 1055 2306; x_wconf 69' lang='grc' dir='ltr'><em>ἀλλὰτκῖιτοιμὲν</em></span> <span class='ocrx_word' id='word_1_137' title='bbox 1071 2230 1202 2313; x_wconf 80' lang='grc' dir='ltr'><em>τοιύτη.</em></span> 
     </span>
     <span class='ocr_line' id='line_1_17' title="bbox 178 2347 1192 2434; baseline -0.002 -18"><span class='ocrx_word' id='word_1_138' title='bbox 178 2351 321 2429; x_wconf 72' lang='grc' dir='ltr'><em>γενόμενοι</em></span> <span class='ocrx_word' id='word_1_139' title='bbox 345 2352 394 2425; x_wconf 76' lang='grc' dir='ltr'><strong>την</strong></span> <span class='ocrx_word' id='word_1_140' title='bbox 417 2352 488 2429; x_wconf 71' lang='grc' dir='ltr'><em>ἐμὴν</em></span> <span class='ocrx_word' id='word_1_141' title='bbox 511 2350 560 2415; x_wconf 69' lang='lat' dir='ltr'><strong>aa}</strong></span> <span class='ocrx_word' id='word_1_142' title='bbox 585 2352 638 2425; x_wconf 74' lang='grc' dir='ltr'><strong>την</strong></span> <span class='ocrx_word' id='word_1_143' title='bbox 660 2350 833 2434; x_wconf 74' lang='grc' dir='ltr'><em>λυκοφιλίαν</em></span> <span class='ocrx_word' id='word_1_144' title='bbox 855 2350 903 2414; x_wconf 73' lang='lat' dir='ltr'><strong>aa}</strong></span> <span class='ocrx_word' id='word_1_145' title='bbox 921 2347 1192 2414; x_wconf 75' lang='grc' dir='ltr'><em>οὶκοινυνίοινδιοὶοε</em></span> 
     </span>
     <span class='ocr_line' id='line_1_18' title="bbox 177 2465 1191 2554; baseline -0.001 -19"><span class='ocrx_word' id='word_1_146' title='bbox 177 2470 391 2550; x_wconf 58' lang='lat' dir='ltr'><strong>artemam.</strong></span> <span class='ocrx_word' id='word_1_147' title='bbox 416 2468 463 2533; x_wconf 78' lang='lat' dir='ltr'><strong>Of.</strong></span> <span class='ocrx_word' id='word_1_148' title='bbox 487 2469 544 2554; x_wconf 81' lang='lat' dir='ltr'><strong>Ep.</strong></span> <span class='ocrx_word' id='word_1_149' title='bbox 569 2468 620 2548; x_wconf 87' lang='lat' dir='ltr'><strong>II,</strong></span> <span class='ocrx_word' id='word_1_150' title='bbox 645 2472 710 2533; x_wconf 76' lang='lat'><strong>314</strong></span> <span class='ocrx_word' id='word_1_151' title='bbox 727 2468 767 2532; x_wconf 79' lang='lat' dir='ltr'><strong>O:</strong></span> <span class='ocrx_word' id='word_1_152' title='bbox 784 2475 905 2534; x_wconf 82' lang='grc' dir='ltr'><em>τοῦτον</em></span> <span class='ocrx_word' id='word_1_153' title='bbox 920 2467 983 2547; x_wconf 80' lang='grc' dir='ltr'><strong>μὲν</strong></span> <span class='ocrx_word' id='word_1_154' title='bbox 998 2468 1036 2539; x_wconf 76' lang='grc' dir='ltr'><strong>δη</strong></span> <span class='ocrx_word' id='word_1_155' title='bbox 1052 2465 1191 2550; x_wconf 82' lang='grc' dir='ltr'><em>ποιότη,</em></span> 
     </span>
     <span class='ocr_line' id='line_1_19' title="bbox 178 2585 1192 2670; baseline -0.003 -17"><span class='ocrx_word' id='word_1_156' title='bbox 178 2590 240 2670; x_wconf 75' lang='grc' dir='ltr'><strong>περὶ</strong></span> <span class='ocrx_word' id='word_1_157' title='bbox 271 2590 301 2652; x_wconf 80' lang='grc' dir='ltr'><strong>δὲ</strong></span> <span class='ocrx_word' id='word_1_158' title='bbox 330 2587 488 2664; x_wconf 78' lang='grc' dir='ltr'><em>Πολυξένου</em></span> <span class='ocrx_word' id='word_1_159' title='bbox 518 2589 578 2653; x_wconf 82' lang='grc' dir='ltr'><strong>κτὲ.</strong></span> <span class='ocrx_word' id='word_1_160' title='bbox 625 2587 707 2652; x_wconf 87' lang='lat' dir='ltr'><strong>Hinc</strong></span> <span class='ocrx_word' id='word_1_161' title='bbox 738 2587 870 2651; x_wconf 86' lang='lat' dir='ltr'><strong>formula</strong></span> <span class='ocrx_word' id='word_1_162' title='bbox 891 2587 946 2651; x_wconf 90' lang='lat' dir='ltr'><strong>illa</strong></span> <span class='ocrx_word' id='word_1_163' title='bbox 967 2593 1003 2650; x_wconf 92' lang='lat' dir='ltr'><strong>ut</strong></span> <span class='ocrx_word' id='word_1_164' title='bbox 1026 2585 1192 2651; x_wconf 87' lang='lat' dir='ltr'><strong>Platonica</strong></span> 
     </span>
     <span class='ocr_line' id='line_1_20' title="bbox 178 2704 1192 2784; baseline -0.001 -13"><span class='ocrx_word' id='word_1_165' title='bbox 178 2713 362 2772; x_wconf 89' lang='lat' dir='ltr'><strong>memoratur</strong></span> <span class='ocrx_word' id='word_1_166' title='bbox 384 2730 402 2770; x_wconf 89' lang='lat' dir='ltr'><strong>a</strong></span> <span class='ocrx_word' id='word_1_167' title='bbox 425 2706 608 2784; x_wconf 82' lang='lat' dir='ltr'><strong>Plutarcho,</strong></span> <span class='ocrx_word' id='word_1_168' title='bbox 633 2706 791 2770; x_wconf 90' lang='lat' dir='ltr'><strong>Demosth.</strong></span> <span class='ocrx_word' id='word_1_169' title='bbox 812 2728 839 2769; x_wconf 91' lang='lat' dir='ltr'><strong>c.</strong></span> <span class='ocrx_word' id='word_1_170' title='bbox 866 2709 883 2768; x_wconf 92' lang='grc'><strong>1</strong></span> <span class='ocrx_word' id='word_1_171' title='bbox 909 2712 988 2769; x_wconf 85' lang='lat' dir='ltr'><strong>extr:</strong></span> <span class='ocrx_word' id='word_1_172' title='bbox 1014 2704 1062 2769; x_wconf 77' lang='lat' dir='ltr'><strong>acl</strong></span> <span class='ocrx_word' id='word_1_173' title='bbox 1085 2711 1192 2771; x_wconf 83' lang='grc' dir='ltr'><em>τιιῦτοο</em></span> 
     </span>
     <span class='ocr_line' id='line_1_21' title="bbox 176 2823 1188 2909; baseline -0.001 -20"><span class='ocrx_word' id='word_1_174' title='bbox 176 2826 229 2900; x_wconf 78' lang='grc' dir='ltr'><strong>μὲν</strong></span> <span class='ocrx_word' id='word_1_175' title='bbox 251 2826 362 2906; x_wconf 81' lang='grc' dir='ltr'><em>πκύτη,</em></span> <span class='ocrx_word' id='word_1_176' title='bbox 386 2825 467 2889; x_wconf 65' lang='grc' dir='ltr'><em>κοντοὶ</em></span> <span class='ocrx_word' id='word_1_177' title='bbox 489 2825 654 2890; x_wconf 74' lang='grc' dir='ltr'><em>Πλοὶτιονκε</em></span> <span class='ocrx_word' id='word_1_178' title='bbox 679 2824 762 2908; x_wconf 90' lang='lat' dir='ltr'><strong>quod</strong></span> <span class='ocrx_word' id='word_1_179' title='bbox 785 2847 846 2908; x_wconf 94' lang='lat' dir='ltr'><strong>quo</strong></span> <span class='ocrx_word' id='word_1_180' title='bbox 871 2830 1019 2909; x_wconf 77' lang='lat' dir='ltr'><strong>spectaret</strong></span> <span class='ocrx_word' id='word_1_181' title='bbox 1042 2823 1188 2908; x_wconf 86' lang='lat' dir='ltr'><strong>fugiebat</strong></span> 
     </span>
     <span class='ocr_line' id='line_1_22' title="bbox 176 2941 1188 3028; baseline 0 -21"><span class='ocrx_word' id='word_1_182' title='bbox 176 2943 462 3028; x_wconf 86' lang='lat' dir='ltr'><strong>Wyttenhachium,</strong></span> <span class='ocrx_word' id='word_1_183' title='bbox 487 2965 580 3027; x_wconf 88' lang='lat' dir='ltr'><strong>quare</strong></span> <span class='ocrx_word' id='word_1_184' title='bbox 602 2943 761 3007; x_wconf 87' lang='lat' dir='ltr'><strong>Plutarchi</strong></span> <span class='ocrx_word' id='word_1_185' title='bbox 785 2943 874 3007; x_wconf 91' lang='lat' dir='ltr'><strong>verba</strong></span> <span class='ocrx_word' id='word_1_186' title='bbox 888 2942 1030 3007; x_wconf 88' lang='lat' dir='ltr'><strong>mutilata</strong></span> <span class='ocrx_word' id='word_1_187' title='bbox 1040 2941 1188 3026; x_wconf 87' lang='lat' dir='ltr'><strong>putabat.</strong></span> 
     </span>
     <span class='ocr_line' id='line_1_23' title="bbox 179 3048 1186 3146; baseline 0.002 -23"><span class='ocrx_word' id='word_1_188' title='bbox 179 3061 247 3126; x_wconf 85' lang='lat' dir='ltr'><strong>Vid.</strong></span> <span class='ocrx_word' id='word_1_189' title='bbox 272 3063 385 3126; x_wconf 87' lang='lat' dir='ltr'><strong>Annot.</strong></span> <span class='ocrx_word' id='word_1_190' title='bbox 410 3062 449 3125; x_wconf 85' lang='lat' dir='ltr'><strong>ad</strong></span> <span class='ocrx_word' id='word_1_191' title='bbox 472 3061 580 3126; x_wconf 85' lang='lat' dir='ltr'><strong>Select.</strong></span> <span class='ocrx_word' id='word_1_192' title='bbox 596 3048 709 3126; x_wconf 83' lang='lat' dir='ltr'><strong>histor.</strong></span> <span class='ocrx_word' id='word_1_193' title='bbox 734 3085 762 3146; x_wconf 91' lang='lat' dir='ltr'><strong>p.</strong></span> <span class='ocrx_word' id='word_1_194' title='bbox 789 3064 852 3125; x_wconf 75' lang='lat'><strong>248</strong></span> <span class='ocrx_word' id='word_1_195' title='bbox 872 3068 903 3125; x_wconf 90' lang='lat' dir='ltr'><strong>et</strong></span> <span class='ocrx_word' id='word_1_196' title='bbox 918 3063 993 3124; x_wconf 72' lang='lat'><strong>424.</strong></span> <span class='ocrx_word' id='word_1_197' title='bbox 1017 3059 1186 3125; x_wconf 88' lang='lat' dir='ltr'><strong>Interdum</strong></span> 
     </span>
     <span class='ocr_line' id='line_1_24' title="bbox 175 3180 1186 3267; baseline 0 -23"><span class='ocrx_word' id='word_1_198' title='bbox 175 3181 340 3245; x_wconf 87' lang='lat' dir='ltr'><strong>transitum</strong></span> <span class='ocrx_word' id='word_1_199' title='bbox 365 3181 438 3245; x_wconf 89' lang='lat' dir='ltr'><strong>facit</strong></span> <span class='ocrx_word' id='word_1_200' title='bbox 461 3180 533 3245; x_wconf 90' lang='lat' dir='ltr'><strong>satis</strong></span> <span class='ocrx_word' id='word_1_201' title='bbox 555 3181 675 3267; x_wconf 86' lang='lat' dir='ltr'><strong>inepte,</strong></span> <span class='ocrx_word' id='word_1_202' title='bbox 699 3186 735 3245; x_wconf 91' lang='lat' dir='ltr'><strong>ut</strong></span> <span class='ocrx_word' id='word_1_203' title='bbox 757 3187 826 3265; x_wconf 88' lang='lat' dir='ltr'><strong>post</strong></span> <span class='ocrx_word' id='word_1_204' title='bbox 842 3180 1047 3264; x_wconf 88' lang='lat' dir='ltr'><strong>prooemium,</strong></span> <span class='ocrx_word' id='word_1_205' title='bbox 1072 3202 1101 3264; x_wconf 91' lang='lat' dir='ltr'><strong>p.</strong></span> <span class='ocrx_word' id='word_1_206' title='bbox 1117 3181 1186 3244; x_wconf 80' lang='lat'><strong>316</strong></span> 
     </span>
     <span class='ocr_line' id='line_1_25' title="bbox 178 3299 1189 3386; baseline -0.004 -21"><span class='ocrx_word' id='word_1_207' title='bbox 178 3300 221 3380; x_wconf 82' lang='lat' dir='ltr'><strong>O,</strong></span> <span class='ocrx_word' id='word_1_208' title='bbox 247 3323 342 3385; x_wconf 89' lang='lat' dir='ltr'><strong>quum</strong></span> <span class='ocrx_word' id='word_1_209' title='bbox 366 3301 403 3364; x_wconf 88' lang='lat' dir='ltr'><strong>ad</strong></span> <span class='ocrx_word' id='word_1_210' title='bbox 426 3301 523 3386; x_wconf 85' lang='lat' dir='ltr'><strong>ipsam</strong></span> <span class='ocrx_word' id='word_1_211' title='bbox 546 3300 751 3365; x_wconf 87' lang='lat' dir='ltr'><strong>defensionem</strong></span> <span class='ocrx_word' id='word_1_212' title='bbox 775 3299 905 3376; x_wconf 88' lang='lat' dir='ltr'><strong>accedit,</strong></span> <span class='ocrx_word' id='word_1_213' title='bbox 929 3299 1005 3363; x_wconf 88' lang='lat' dir='ltr'><strong>dicit</strong></span> <span class='ocrx_word' id='word_1_214' title='bbox 1027 3299 1116 3364; x_wconf 90' lang='lat' dir='ltr'><strong>haec:</strong></span> <span class='ocrx_word' id='word_1_215' title='bbox 1132 3301 1189 3373; x_wconf 71' lang='grc' dir='ltr'><strong>τὴν</strong></span> 
     </span>
     <span class='ocr_line' id='line_1_26' title="bbox 178 3416 1190 3505; baseline -0.001 -21"><span class='ocrx_word' id='word_1_216' title='bbox 178 3417 224 3484; x_wconf 80' lang='grc' dir='ltr'><strong>οὖν</strong></span> <span class='ocrx_word' id='word_1_217' title='bbox 255 3421 348 3500; x_wconf 65' lang='grc' dir='ltr'><em>ἀρχὴν</em></span> <span class='ocrx_word' id='word_1_218' title='bbox 375 3416 411 3484; x_wconf 83' lang='grc' dir='ltr'><strong>ὦν</strong></span> <span class='ocrx_word' id='word_1_219' title='bbox 434 3417 511 3484; x_wconf 81' lang='grc' dir='ltr'><em>εἶπον</em></span> <span class='ocrx_word' id='word_1_220' title='bbox 536 3420 627 3505; x_wconf 74' lang='grc' dir='ltr'><strong>[περὶ]</strong></span> <span class='ocrx_word' id='word_1_221' title='bbox 652 3418 788 3500; x_wconf 79' lang='grc' dir='ltr'><em>προτέρων</em></span> <span class='ocrx_word' id='word_1_222' title='bbox 812 3419 898 3483; x_wconf 74' lang='grc' dir='ltr'><em>ἄκουε</em></span> <span class='ocrx_word' id='word_1_223' title='bbox 921 3416 1060 3499; x_wconf 78' lang='grc' dir='ltr'><em>πρότερον.</em></span> <span class='ocrx_word' id='word_1_224' title='bbox 1107 3417 1190 3483; x_wconf 84' lang='lat' dir='ltr'><strong>Vult</strong></span> 
     </span>
     <span class='ocr_line' id='line_1_27' title="bbox 179 3529 1188 3623; baseline 0 -21"><span class='ocrx_word' id='word_1_225' title='bbox 179 3538 278 3603; x_wconf 88' lang='lat' dir='ltr'><strong>dicere</strong></span> <span class='ocrx_word' id='word_1_226' title='bbox 308 3539 463 3616; x_wconf 89' lang='lat' dir='ltr'><strong>„duorum</strong></span> <span class='ocrx_word' id='word_1_227' title='bbox 494 3538 676 3603; x_wconf 86' lang='lat' dir='ltr'><strong>defensionis</strong></span> <span class='ocrx_word' id='word_1_228' title='bbox 707 3538 844 3623; x_wconf 87' lang='lat' dir='ltr'><strong>capitum</strong></span> <span class='ocrx_word' id='word_1_229' title='bbox 874 3537 906 3600; x_wconf 89' lang='lat' dir='ltr'><strong>id</strong></span> <span class='ocrx_word' id='word_1_230' title='bbox 938 3529 1021 3621; x_wconf 86' lang='lat' dir='ltr'><strong>quod</strong></span> <span class='ocrx_word' id='word_1_231' title='bbox 1052 3537 1188 3621; x_wconf 88' lang='lat' dir='ltr'><strong>primum</strong></span> 
     </span>
     <span class='ocr_line' id='line_1_28' title="bbox 178 3655 1188 3744; baseline 0 -24"><span class='ocrx_word' id='word_1_232' title='bbox 178 3657 285 3744; x_wconf 89' lang='lat' dir='ltr'><strong>posui,</strong></span> <span class='ocrx_word' id='word_1_233' title='bbox 321 3658 453 3742; x_wconf 89' lang='lat' dir='ltr'><strong>primum</strong></span> <span class='ocrx_word' id='word_1_234' title='bbox 488 3657 591 3723; x_wconf 83' lang='lat' dir='ltr'><strong>audi.”</strong></span> <span class='ocrx_word' id='word_1_235' title='bbox 629 3657 708 3736; x_wconf 79' lang='lat' dir='ltr'><strong>Quis</strong></span> <span class='ocrx_word' id='word_1_236' title='bbox 743 3679 805 3720; x_wconf 91' lang='lat' dir='ltr'><strong>non</strong></span> <span class='ocrx_word' id='word_1_237' title='bbox 840 3655 924 3719; x_wconf 87' lang='lat' dir='ltr'><strong>videt</strong></span> <span class='ocrx_word' id='word_1_238' title='bbox 953 3655 1050 3719; x_wconf 87' lang='lat' dir='ltr'><strong>verbis</strong></span> <span class='ocrx_word' id='word_1_239' title='bbox 1081 3678 1188 3741; x_wconf 89' lang='lat' dir='ltr'><strong>super·</strong></span> 
     </span>
     <span class='ocr_line' id='line_1_29' title="bbox 179 3771 1205 3858; baseline 0 -20"><span class='ocrx_word' id='word_1_240' title='bbox 179 3776 282 3839; x_wconf 90' lang='lat' dir='ltr'><strong>vacuis</strong></span> <span class='ocrx_word' id='word_1_241' title='bbox 304 3777 356 3849; x_wconf 75' lang='grc' dir='ltr'><strong>την</strong></span> <span class='ocrx_word' id='word_1_242' title='bbox 378 3778 472 3858; x_wconf 68' lang='grc' dir='ltr'><em>ἀρχὴν</em></span> <span class='ocrx_word' id='word_1_243' title='bbox 496 3783 526 3841; x_wconf 91' lang='lat' dir='ltr'><strong>et</strong></span> <span class='ocrx_word' id='word_1_244' title='bbox 545 3776 607 3855; x_wconf 75' lang='grc' dir='ltr'><strong>περὶ</strong></span> <span class='ocrx_word' id='word_1_245' title='bbox 624 3775 788 3840; x_wconf 90' lang='lat' dir='ltr'><strong>obscurum</strong></span> <span class='ocrx_word' id='word_1_246' title='bbox 804 3773 890 3838; x_wconf 81' lang='lat' dir='ltr'><strong>reddi</strong></span> <span class='ocrx_word' id='word_1_247' title='bbox 906 3772 1046 3837; x_wconf 82' lang='lat' dir='ltr'><strong>sensum?</strong></span> <span class='ocrx_word' id='word_1_248' title='bbox 1063 3771 1205 3838; x_wconf 77' lang='lat' dir='ltr'><strong>Clarius</strong></span> 
     </span>
     <span class='ocr_line' id='line_1_30' title="bbox 180 3891 1186 3977; baseline 0.001 -20"><span class='ocrx_word' id='word_1_249' title='bbox 180 3895 306 3958; x_wconf 83' lang='lat' dir='ltr'><strong>dixisset</strong></span> <span class='ocrx_word' id='word_1_250' title='bbox 328 3896 391 3977; x_wconf 76' lang='grc' dir='ltr'><strong>περὶ</strong></span> <span class='ocrx_word' id='word_1_251' title='bbox 415 3902 470 3960; x_wconf 79' lang='grc' dir='ltr'><strong>τῶν</strong></span> <span class='ocrx_word' id='word_1_252' title='bbox 493 3895 630 3975; x_wconf 82' lang='grc' dir='ltr'><em>προτέρων</em></span> <span class='ocrx_word' id='word_1_253' title='bbox 652 3892 697 3959; x_wconf 82' lang='grc' dir='ltr'><strong>οὖν</strong></span> <span class='ocrx_word' id='word_1_254' title='bbox 720 3892 805 3958; x_wconf 73' lang='lat' dir='ltr'><strong>otacus</strong></span> <span class='ocrx_word' id='word_1_255' title='bbox 823 3891 963 3974; x_wconf 76' lang='grc' dir='ltr'><em>πρότερον.</em></span> <span class='ocrx_word' id='word_1_256' title='bbox 988 3891 1037 3955; x_wconf 87' lang='lat' dir='ltr'><strong>Ad</strong></span> <span class='ocrx_word' id='word_1_257' title='bbox 1053 3891 1186 3958; x_wconf 87' lang='lat' dir='ltr'><strong>alterum</strong></span> 
     </span>
     <span class='ocr_line' id='line_1_31' title="bbox 180 4011 1184 4100; baseline -0.002 -22"><span class='ocrx_word' id='word_1_258' title='bbox 180 4020 282 4078; x_wconf 87' lang='lat' dir='ltr'><strong>autem</strong></span> <span class='ocrx_word' id='word_1_259' title='bbox 313 4014 496 4079; x_wconf 89' lang='lat' dir='ltr'><strong>defensionis</strong></span> <span class='ocrx_word' id='word_1_260' title='bbox 526 4021 619 4100; x_wconf 89' lang='lat' dir='ltr'><strong>caput</strong></span> <span class='ocrx_word' id='word_1_261' title='bbox 648 4011 871 4098; x_wconf 86' lang='lat' dir='ltr'><strong>transgreditur</strong></span> <span class='ocrx_word' id='word_1_262' title='bbox 901 4012 957 4074; x_wconf 88' lang='lat' dir='ltr'><strong>hac</strong></span> <span class='ocrx_word' id='word_1_263' title='bbox 981 4011 1127 4089; x_wconf 86' lang='lat' dir='ltr'><strong>formula,</strong></span> <span class='ocrx_word' id='word_1_264' title='bbox 1152 4035 1184 4097; x_wconf 95' lang='lat' dir='ltr'><strong>p.</strong></span> 
     </span>
     <span class='ocr_line' id='line_1_32' title="bbox 181 4129 1197 4216; baseline -0.005 -15"><span class='ocrx_word' id='word_1_265' title='bbox 181 4135 245 4201; x_wconf 79' lang='lat'><strong>318</strong></span> <span class='ocrx_word' id='word_1_266' title='bbox 276 4133 320 4199; x_wconf 75' lang='lat' dir='ltr'><strong>E:</strong></span> <span class='ocrx_word' id='word_1_267' title='bbox 344 4135 449 4216; x_wconf 71' lang='grc' dir='ltr'><em>σχεδὸν</em></span> <span class='ocrx_word' id='word_1_268' title='bbox 472 4135 496 4199; x_wconf 78' lang='grc' dir='ltr'><strong>δ’</strong></span> <span class='ocrx_word' id='word_1_269' title='bbox 519 4135 558 4206; x_wconf 79' lang='grc' dir='ltr'><strong>εἷς</strong></span> <span class='ocrx_word' id='word_1_270' title='bbox 581 4133 668 4212; x_wconf 63' lang='grc' dir='ltr'><em>λόγον</em></span> <span class='ocrx_word' id='word_1_271' title='bbox 691 4135 704 4198; x_wconf 82' lang='grc' dir='ltr'>ὁ</span> <span class='ocrx_word' id='word_1_272' title='bbox 727 4133 813 4212; x_wconf 66' lang='grc' dir='ltr'><em>λόγος</em></span> <span class='ocrx_word' id='word_1_273' title='bbox 837 4131 896 4208; x_wconf 76' lang='grc' dir='ltr'><em>ἥκει</em></span> <span class='ocrx_word' id='word_1_274' title='bbox 920 4155 967 4211; x_wconf 83' lang='grc' dir='ltr'><strong>μοι</strong></span> <span class='ocrx_word' id='word_1_275' title='bbox 994 4129 1119 4211; x_wconf 65' lang='grc' dir='ltr'><em>ξυνεχὴς</em></span> <span class='ocrx_word' id='word_1_276' title='bbox 1142 4134 1197 4214; x_wconf 82' lang='grc' dir='ltr'><strong>τῷ.</strong></span> 
     </span>
    </p>
   </div>
   <div class='ocr_carea' id='block_1_5' title="bbox 0 0 1378 4950">
    <p class='ocr_par' dir='ltr' id='par_1_5' title="bbox 0 0 1378 4950">
     <span class='ocr_line' id='line_1_33' title="bbox 0 0 1378 4950; baseline 0 1"><span class='ocrx_word' id='word_1_277' title='bbox 0 0 1378 4950; x_wconf 95' lang='lat' dir='ltr'><strong> </strong></span> 
     </span>
    </p>
   </div>
  </div>
 </body>
</html>
