2746 4950
665 380 723 440 lta

185 572 341 646 communi
362 605 462 661 more,
487 606 565 661 non,
590 593 626 648 ut
649 586 680 649 in
704 585 860 671 Epistola,
885 587 1010 651 definita
1025 596 1056 653 et
1071 590 1194 675 propria

186 702 348 766 verborum
378 702 596 788 significatione
620 705 727 770 utitur.

231 820 316 885 Haec
346 821 383 885 de
409 823 566 908 principiis
589 823 700 907 quibus
723 824 891 890 secundum
915 825 1074 910 epistolam
1098 827 1192 890 scien-

185 940 229 1002 tia
252 928 371 1004 nititur.
406 940 510 1025 Ipsam
533 948 635 1005 autem
655 941 892 1026 disputationem
915 943 1055 1029 quisquis
1075 951 1191 1009 attente

184 1057 309 1142 legerit,
340 1059 442 1122 omnia
470 1067 533 1122 tam
566 1060 691 1124 confuse
722 1067 845 1144 tamque
872 1062 1000 1126 obscure
1023 1061 1105 1126 diota
1127 1084 1191 1126 esse

184 1176 346 1255 fatebitur,
379 1185 415 1240 ut
444 1199 547 1242 revera
576 1179 746 1263 aenigmata
776 1179 861 1263 loqui
889 1181 1018 1264 scriptor
1045 1180 1192 1246 videatur.
1271 1259 1273 1264 ,

185 1295 324 1379 Exempli
348 1296 445 1379 gratia
468 1297 617 1365 nonnulla
640 1297 771 1362 afferam.

229 1532 396 1616 Postquam
427 1534 562 1618 quinque
593 1534 646 1597 illa
676 1534 778 1618 qualia
801 1536 863 1598 sint
886 1535 1031 1619 explicuit
1055 1535 1192 1620 dixitque

184 1673 219 1713 ea
243 1651 281 1714 ad
304 1653 406 1716 omnia
427 1661 490 1716 tam
514 1676 655 1737 corporea
679 1676 770 1736 quam
795 1655 928 1717 animata
950 1656 1117 1739 pertinere,
1142 1654 1192 1718 ad·
1251 1729 1252 1733 η

180 1771 249 1854 jicit
272 1771 362 1834 haec:
387 1775 416 1837 οὐ
436 1773 512 1853 γὰρ,
537 1771 572 1836 ἂν
596 1774 702 1854 τούτων
724 1775 767 1850 μή
789 1797 832 1845 τις
852 1776 901 1838 τοὶ
923 1773 1086 1851 τέττοιροι
1109 1774 1192 1855 λοέβη

183 1891 379 1973 ἁμωσγέπως,
396 1891 499 1956 οὔποτε
509 1891 614 1962 τελέως
627 1893 789 1969 ἐπιστήμης
809 1899 868 1957 τοῦ
885 1893 1052 1969 πέμπτου
1065 1893 1191 1974 μέτοχος

183 2009 276 2073 έστωι.
324 2007 481 2087 Quaenam
513 2017 586 2072 sunt
615 2008 669 2072 illa
701 2009 854 2093 quatuor?
898 2008 1052 2073 Nimirum
1084 2011 1190 2094 ένομοο,

182 2124 285 2205 λόγος,
311 2127 440 2211 εἴδωλον,
464 2130 627 2206 έπιστήμη;
653 2129 755 2213 inepte
780 2151 850 2213 ergo
874 2130 906 2192 in
924 2128 1049 2213 epodosi
1069 2131 1189 2204 ἐπιστή-

182 2269 241 2319 μης
262 2245 442 2310 vocabulum
461 2245 599 2354 additum
620 2255 682 2323 est,
706 2247 789 2331 quod
809 2248 909 2312 omitti
925 2247 1040 2311 debuit.
1065 2248 1191 2311 Poterat

182 2363 226 2425 sic
249 2362 361 2426 dicere:
386 2362 422 2429 do
445 2367 486 2441 μή
506 2390 549 2436 τις
567 2371 633 2430 των
652 2366 754 2445 πρίων
773 2367 935 2442 ἐπιστήμην
956 2366 1039 2447 adtira
1051 2365 1189 2443 οὶμωσγέ-

182 2505 259 2554 πως,
282 2481 388 2546 οὔποτε
410 2472 516 2555 τέλέως
540 2485 702 2562 ἐπιστήμης
728 2491 779 2549 τοῦ
799 2485 936 2562 πέμπτου
952 2485 1078 2564 μέτοχος
1096 2484 1188 2549 ἔσται.

183 2597 357 2678 Quominns
385 2608 486 2664 autem
510 2601 552 2663 sic
576 2601 775 2686 corrigamus,
800 2624 903 2666 cavere
915 2625 970 2665 nos
986 2611 1090 2665 monet
1106 2600 1188 2684 quod

183 2719 275 2782 etiam
295 2719 384 2782 infra
413 2718 453 2783 τοὶ
480 2721 610 2809 τέττοιροι
634 2720 816 2805 copulantur
840 2728 870 2784 et
892 2721 1046 2798 ἐπιστήμη
1062 2719 1188 2802 reliquis

182 2839 281 2902 tribus
304 2845 451 2922 tanquam
475 2840 572 2904 simile
597 2848 822 2905 annumeratur.
869 2840 919 2904 Ita
942 2864 971 2925 p.
989 2828 1052 2903 3'43
1070 2839 1113 2902 B:
1135 2865 1189 2916 μυ-

181 2957 236 3037 ρίος
259 2958 288 3020 δέ
310 2957 396 3035 λόγος
420 2957 482 3036 περὶ
503 2959 624 3023 ἕκοέστου
641 2965 707 3024 τῶν
722 2958 902 3038 τεττοὶρων
918 2961 953 3031 ὡς
969 2959 1097 3041 coacta.
1114 2957 1188 3022 ibid.

182 3074 224 3138 C:
256 3075 289 3140 τὸ
319 3078 360 3155 μή
391 3076 558 3157 ζητούμενον
588 3075 708 3142 ἕκαστον
734 3083 798 3141 τῶν
820 3078 1008 3156 τεττάρων.
1039 3075 1113 3140 ibid.
1138 3076 1187 3139 D:

180 3195 341 3272 δυνομένων
368 3194 397 3258 δὲ
419 3194 465 3259 τοι
487 3196 648 3277 τέττοιροι
671 3195 849 3277 διαρρίπτειν.

226 3308 377 3398 Deinceps
401 3313 445 3377 sic
458 3319 460 3324 ’
467 3315 566 3399 pergit
588 3337 618 3399 p.
644 3317 708 3378 342
732 3313 776 3377 E:
801 3314 869 3395 πρὸς
895 3314 953 3392 γὰρ
976 3314 1085 3386 τούτοις
1100 3316 1188 3378 τοῦτ’

180 3434 238 3514 οὐχ
267 3433 350 3509 ήττον
376 3435 522 3514 ἐπιχειρεῖ
549 3435 581 3498 τὸ
608 3434 686 3498 ποῖόν
708 3458 736 3498 τι
761 3434 824 3515 περὶ
842 3413 978 3498 έκοιστον.
991 3433 1091 3508 δηλοῦν
1114 3433 1131 3508 ή
1154 3430 1187 3497 τέ

182 3551 210 3615 ὃν
241 3551 362 3617 ἑκοὶστου
392 3552 439 3617 διὰ
468 3554 501 3616 τὸ
530 3558 586 3616 τῶν
611 3551 707 3631 λόγων
729 3545 854 3624 dulcido.
891 3551 970 3615 Sunt
992 3551 1066 3616 baec
1089 3552 1188 3636 aenig-
1259 3544 1261 3556 '

180 3669 255 3733 mati
285 3669 403 3733 similia.
451 3668 521 3749 Quo
552 3669 682 3734 refertur
711 3672 779 3751 πρὸς
807 3668 947 3747 τούτοιςέΙ
983 3667 1054 3748 Quo
1085 3675 1186 3732 autem
1234 3692 1242 3707 ·

180 3788 301 3854 τοιῡτσοΡ
354 3787 425 3868 Qua
455 3771 571 3852 ratione
602 3772 679 3852 haec
707 3811 777 3853 cum
808 3787 1005 3873 praecedente
1036 3788 1199 3851 sententia
1281 3816 1289 3832 ·

182 3929 234 3992 per
265 3907 445 3992 particulam
475 3907 533 3987 νέορ
561 3907 806 4002 connectuntur?
844 3908 998 3971 Ponamus
1021 3913 1121 3972 τοῦτον
1142 3929 1186 3971 re·

179 4026 250 4090 ferri
281 4026 319 4090 ad
354 4029 394 4091 rd
417 4027 563 4109 τέττιιροι,
588 4049 695 4090 sensus
718 4026 768 4091 hic
791 4025 902 4091 exibit:
927 4025 1091 4115 „Quatuor
1114 4025 1185 4104 illa,

180 4168 306 4223 nomen,
338 4146 492 4225 definitio,
523 4147 640 4232 imago,
670 4147 812 4224 scientia,
844 4169 905 4210 non
929 4147 1030 4209 minus
1054 4144 1185 4209 tendunt

1026 4266 1063 4322 13
