2746 4950
659 373 719 433 132

180 582 251 661 Quo
274 583 388 646 factum
415 588 451 645 nt
474 581 632 644 amborum
658 580 796 643 simultas
827 588 978 665 postremo
1006 582 1037 644 in
1073 581 1193 646 bellum

178 701 327 786 eruperit,
353 723 413 784 qno
437 699 497 763 Dio
521 699 641 783 tyranni
665 721 737 783 opes
761 699 878 762 evertit.

222 818 300 882 Cum
323 818 465 903 primario
484 817 543 880 hoc
563 816 690 880 consilio
714 816 842 879 alterum
856 818 998 901 junctum
1015 825 1079 895 est,
1107 820 1190 902 quod

176 948 206 1001 et
236 939 268 1001 iu
296 936 396 1000 media
426 936 553 1020 epistola
584 937 625 1020 (p.
654 937 717 998 330
743 934 779 1020 C)
810 946 840 999 et
869 936 900 998 iu
924 942 1060 1000 extrema
1085 947 1191 1023 aperte

177 1058 306 1141 scriptor
325 1056 457 1132 indicat,
480 1055 559 1122 illud
581 1077 705 1140 nempe,
728 1061 763 1118 ut
778 1054 939 1138 redarguat
954 1055 1128 1120 invidiosos
1144 1081 1190 1121 ru·

178 1198 276 1239 mores
293 1176 346 1258 qui
358 1174 395 1237 de
408 1174 535 1237 Platone
551 1181 651 1237 essent
666 1174 780 1258 sparsi,
798 1174 884 1256 quasi
895 1173 961 1250 ille,
979 1196 1076 1256 quum
1097 1174 1190 1239 seniel

179 1316 196 1356 a
221 1293 365 1376 Dionysio
388 1293 499 1356 maiore
529 1292 685 1377 Syracusis
709 1292 816 1377 pulsus
840 1301 934 1370 esset,
967 1292 1191 1372 nihilominus,

179 1419 286 1496 captus
310 1411 426 1475 aulicae
448 1411 528 1474 vitae
552 1410 686 1488 deliciis,
711 1411 775 1474 sine
796 1412 880 1495 justa
901 1433 992 1474 causa
1021 1412 1137 1476 iterum
1163 1421 1192 1477 et

180 1531 271 1594 tertio
303 1530 377 1594 illuc
401 1536 480 1593 esset
502 1530 656 1615 profectus
680 1551 882 1613 ecquosnam
913 1552 947 1593 ac
974 1530 1191 1616 philosophiae

182 1650 363 1733 dignitatem
392 1656 503 1712 temere
531 1649 618 1711 novis
650 1648 841 1712 contumeliis
871 1648 1040 1734 objecisset.
1089 1651 1192 1735 Argu·

179 1774 316 1830 mentum
340 1767 398 1829 hoc
428 1767 526 1851 specie
558 1765 790 1844 secundarium,
825 1788 926 1829 revera
948 1775 1052 1830 tamen
1076 1770 1193 1852 praeei-

179 1907 275 1969 puum
300 1892 345 1946 est
368 1883 417 1967 (de
441 1905 502 1966 quo
526 1883 605 1947 infra
628 1883 811 1967 accuratius)
837 1905 933 1967 eoque
948 1883 1039 1968 longe
1055 1888 1193 1950 maxima

179 2005 325 2090 epistolae
355 2028 424 2089 pars
455 2004 603 2088 expletur.
643 2003 749 2084 Quum
776 2004 834 2068 hoc
857 2005 897 2067 sit
919 2004 1096 2089 scriptionis
1121 2031 1192 2093 pro·

181 2125 331 2209 positum,
363 2146 425 2186 nou
455 2123 628 2187 mirandum
659 2122 806 2206 quaedam
837 2130 892 2186 ant
919 2124 1030 2187 omissa
1054 2148 1073 2190 a
1097 2128 1192 2212 scrip-

182 2251 249 2306 tore
272 2250 327 2306 aut
349 2243 455 2331 leniter
481 2250 563 2306 tacta
585 2265 650 2306 esse
673 2265 751 2326 quae
781 2265 817 2306 eo
840 2265 947 2328 parum
970 2243 1191 2311 conducerent.

181 2361 250 2425 Jam
274 2360 311 2425 de
334 2361 382 2424 his
407 2361 567 2426 itineribus
591 2361 767 2445 singulatim
791 2384 924 2445 agamus.

223 2599 327 2677 Plato,
355 2600 523 2663 secuudum
540 2599 713 2684 epistolam,
738 2622 833 2683 quum
856 2607 1011 2684 pertaesus
1027 2610 1110 2666 esset
1125 2627 1193 2668 cor-

177 2726 299 2802 ruptam
331 2719 437 2781 aetatis
465 2741 537 2781 snae
560 2717 751 2802 disciplinam
775 2725 805 2781 et
828 2717 1005 2804 depravatos
1028 2743 1130 2785 mores
1157 2746 1193 2786 ac

178 2860 356 2922 persuasum
380 2838 438 2901 sibi
459 2837 584 2901 haberet
611 2839 710 2902 sanari
741 2839 878 2902 civitates
908 2860 970 2902 non
996 2861 1103 2923 posse,
1129 2843 1193 2908 nisi

176 2955 270 3019 iidem
284 2956 384 3019 forent
397 2955 580 3040 imperantes
604 2963 634 3019 et
656 2956 848 3042 philosophi,
872 2957 928 3020 hac
947 2963 1065 3035 mente,
1092 2959 1191 3040 dicit,

177 3074 300 3159 (ταύτην
325 3075 377 3148 τὴν
400 3074 523 3138 dicretae
545 3073 632 3158 ἔχων)
656 3074 786 3139 Athenis
809 3075 841 3138 in
860 3059 981 3138 Italiam
1001 3083 1031 3139 et
1049 3075 1193 3144 Siciliam

179 3215 246 3256 sum
270 3192 432 3276 profectus.
479 3191 632 3273 Quaeras,
657 3215 712 3256 cur
734 3193 766 3256 in
787 3193 930 3256 Italiam?
953 3216 1014 3278 quo
1041 3198 1192 3277 consilio,

179 3334 240 3395 qua
264 3309 339 3395 spe?
382 3309 469 3374 Num
492 3312 563 3395 quia
585 3312 695 3376 melius
718 3320 849 3376 moratas
873 3313 1008 3377 civitates
1032 3313 1077 3377 ihi
1099 3339 1133 3380 se
1149 3319 1194 3381 vi-

179 3452 284 3493 surum
308 3429 450 3514 putaret?
481 3431 624 3494 Attamen
647 3438 734 3494 vetus
754 3430 961 3516 Sybaritarum
977 3439 1007 3495 et
1027 3432 1193 3501 Crotonia-

177 3555 278 3611 tarum
301 3548 437 3611 luxuries
461 3548 540 3611 fama
563 3556 627 3612 erat
648 3557 730 3613 nota.
777 3548 809 3611 Si
831 3557 933 3613 tamen
950 3550 1006 3613 hac
1022 3551 1192 3635 opinione,

179 3675 214 3728 ut
244 3688 281 3730 ex
312 3666 458 3751 epistolae
488 3666 587 3731 verbis
619 3667 762 3751 colligas,
794 3690 829 3730 eo
852 3667 1010 3752 migravit,
1043 3671 1108 3734 cito
1138 3697 1193 3758 spe

179 3784 314 3868 dejectus
338 3792 393 3848 est.
439 3784 562 3848 Invenit
584 3785 627 3848 ibi
651 3785 769 3863 omnia,
802 3792 837 3848 ut
868 3784 958 3864 dicit,
983 3796 1130 3872 corrupta
1161 3803 1193 3856 et

179 3902 297 3987 perdita
328 3903 419 3981 luxu,
447 3900 585 3987 ignaria,
609 3903 805 3980 libidinibus,
841 3927 918 3987 quae
952 3905 1005 3970 uhi
1035 3919 1190 3990 regnant,

179 4020 285 4085 δικαίου
308 4023 356 4085 acl
380 4021 508 4098 ἰσονόμου
531 4023 678 4093 πολιτείας
706 4045 744 4085 nc
768 4022 874 4086 umbra
897 4024 1019 4106 quidem
1045 4048 1111 4089 esse
1138 4052 1190 4112 po

180 4145 241 4200 test
263 4139 304 4221 (p.
329 4142 392 4202 326
417 4139 538 4223 B-D).
587 4139 698 4203 Mirum
725 4163 794 4202 vero
818 4141 899 4224 quod
927 4142 1039 4206 oblitus
1064 4144 1192 4211 videtur
