2746 4950
655 344 714 404 102

179 573 337 613 commune
353 551 445 613 fuisse
461 549 566 612 salutis
580 549 777 633 principium,
796 573 903 634 nempe
916 549 997 632 quod
1011 551 1043 613 in
1055 552 1195 615 maximo

177 667 325 752 periculo<
342 667 508 751 Dionysius
532 673 561 730 et
584 666 773 751 Hipparinus
797 669 937 751 (uterque
960 668 1067 751 maior)
1095 670 1193 735 creati

176 793 277 850 essent
298 786 425 866 τύραννον
448 784 665 866 αὐτοκράτορες,
691 788 819 869 quorum
843 808 900 871 ope
923 786 1068 850 Hellenes
1091 811 1112 850 a
1127 788 1195 852 bar·-

177 905 318 969 batorum
342 906 487 968 servitute
509 904 653 968 liberatos
677 927 754 995 esse,
779 904 817 968 ob
842 928 920 989 quae
935 906 1042 969 merita
1058 908 1193 990 gratiam

178 1024 280 1088 doben
303 1023 506 1088 servatoribus
529 1025 569 1107 (p.
588 1024 651 1087 353
668 1023 716 1108 Β).
741 1023 859 1087 Deinde
876 1031 1064 1109 praesentem
1087 1049 1193 1106 rerum

178 1151 290 1208 statum
321 1143 413 1206 talem
444 1166 507 1207 esse
534 1142 626 1221 dicit,
652 1149 686 1206 ut
711 1144 825 1207 neutris
849 1143 986 1228 partibus
1008 1144 1100 1215 facite
1125 1169 1194 1230 spes

179 1265 218 1326 sit
249 1262 390 1326 vincendi
419 1262 621 1339 adversarios,
649 1262 742 1326 immo
773 1262 969 1326 metuendum
992 1263 1096 1327 sitne
1123 1263 1196 1328 Sici·

177 1384 217 1445 lia
241 1383 293 1445 fiat
316 1381 427 1466 praeda
449 1380 616 1466 Opicorum
640 1389 670 1444 et
691 1381 880 1445 Poenorum:
906 1403 998 1465 quare
1022 1403 1102 1466 opus
1126 1406 1192 1447 esse

178 1500 237 1564 tale
260 1500 389 1563 inveniri
410 1498 594 1593 remedium,
620 1499 703 1582 quod
725 1499 862 1582 utrisque
886 1506 1044 1583 acceptum
1067 1508 1100 1563 et
1115 1501 1194 1565 utile

178 1619 218 1680 sit
248 1618 395 1681 futurum.
441 1617 592 1701 Deinceps
623 1625 768 1700 tanquam
799 1617 926 1694 arbiter,
956 1617 1106 1692 διαιτητοῦ
1130 1620 1193 1700 τρό-

179 1760 248 1808 πον,
274 1736 454 1800 sententiam
478 1758 563 1798 suam
588 1736 727 1799 enuntiat
749 1739 790 1821 (p.
816 1738 880 1798 354
904 1737 954 1819 A).

222 1855 414 1939 Principibus
438 1854 546 1918 suadet
568 1861 603 1918 ut
625 1876 736 1918 nomen
760 1863 790 1918 et
809 1855 969 1941 imperium
985 1857 1110 1940 tyranni
1129 1880 1195 1921 mu-

178 1981 244 2037 tent
272 1974 304 2037 in
335 1972 492 2050 βασνλεοάν
523 1980 553 2037 et
583 1972 741 2037 dominum
769 1974 958 2037 constituant
988 1974 1108 2058 legem,
1144 1999 1191 2040 ex·

179 2093 313 2178 emplum
347 2099 507 2176 sequentes
541 2092 691 2184 Lycurgi,
727 2094 780 2176 qui
815 2093 871 2156 hac
898 2094 1015 2158 ratione
1042 2093 1189 2179 Spartam

179 2219 326 2275 servasset
355 2211 556 2288 incolumem;
585 2211 747 2295 populares
771 2196 872 2275 autem
895 2219 998 2275 monet
1021 2235 1131 2278 cavere
1155 2238 1194 2279 ne

178 2331 335 2410 ἐλευθερίαις
358 2330 511 2411 ἀπληστία
531 2329 670 2394 incidant
691 2331 723 2393 in
746 2332 909 2411 ἀναρχίαν,
934 2330 1033 2395 edocti
1050 2335 1193 2419 exemplo

180 2448 287 2533 prioris
318 2449 480 2532 temporis,
515 2471 610 2532 quum
633 2449 728 2513 nimia
750 2448 873 2513 libertas
897 2450 1075 2516 servitutem
1099 2473 1193 2538 pepe-

178 2567 232 2629 rit:
269 2565 382 2630 δονλεία
415 2567 473 2645 γὰρ
495 2567 545 2630 καὶ
568 2566 711 2645 ε’λενδερία
735 2567 963 2647 ὑπερβάλλουσα
985 2568 1038 2645 μὲν
1062 2569 1192 2651 ἑκάτερα

178 2685 351 2763 adiciam,
384 2685 525 2764 ἔμμετρος
555 2686 579 2749 δ’
598 2681 669 2752 οὖσα
699 2687 890 2763 ratapant·
915 2689 1020 2769 μετρία
1043 2689 1072 2753 δὲ
1094 2692 1113 2765 ἡ
1139 2693 1192 2773 θεῷ

177 2805 305 2887 δουλεία,
341 2803 465 2884 ἄμετρος
499 2804 527 2868 δὲ
562 2809 578 2880 ἡ
612 2812 670 2878 τοῖς
704 2805 874 2886 ἀνθρώποις·
906 2806 965 2878 θεὸς
988 2806 1013 2874 δ’
1035 2809 1192 2889 ανόρώπας

178 2928 301 3016 σώφροσι
336 2919 435 3000 νόμος,
463 2920 568 3004 ἄφρονε
592 2923 621 2986 δὲ
643 2924 740 3000 ἡδονή.
766 2926 806 3008 (p.
832 2927 897 2988 354
921 2925 967 3008 Ε).

222 3041 279 3104 His
303 3041 392 3106 dictis
416 3042 546 3106 Dionem
558 3049 704 3126 tanquam
720 3066 735 3106 e
751 3044 879 3107 mortuis
895 3043 1036 3108 reducem
1049 3043 1088 3107 ad
1100 3043 1193 3130 Syra·

178 3183 306 3224 cusanos
328 3162 503 3244 loquentem
521 3160 604 3224 facit.
633 3161 800 3244 Postquam
819 3161 925 3226 docuit
938 3162 1037 3246 legem
1049 3172 1191 3248 spectare

178 3285 315 3363 oportere
343 3301 405 3342 non
429 3278 510 3361 quod
534 3278 661 3362 volupe,
686 3279 739 3342 scd
761 3279 844 3363 quod
867 3287 984 3345 rectum
1007 3282 1061 3359 sit,
1087 3304 1193 3367 neque

178 3399 216 3461 ad
240 3398 360 3461 divitias
377 3397 524 3475 tendere,
542 3398 594 3462 sed
610 3398 648 3462 ad
665 3379 823 3476 virtu-tem,
838 3399 913 3463 dicit
924 3401 1046 3484 utrique
1059 3401 1192 3468 factioni

177 3517 251 3580 utile
268 3524 298 3580 et
315 3538 447 3600 acquum
464 3538 529 3580 esse
548 3539 601 3600 per
617 3517 865 3601 compositionem
877 3519 968 3581 finem
982 3517 1054 3581 belli
1066 3519 1189 3602 facere,

178 3643 212 3698 ut
246 3634 362 3698 civibus
397 3635 437 3697 sit
470 3635 613 3715 ἐλευθερία
647 3658 717 3699 cum
751 3643 900 3721 potestate
935 3638 1034 3721 regia,
1060 3639 1190 3723 regibus

177 3761 279 3817 autem
303 3754 343 3816 sit
365 3755 445 3834 ἁρχὴ
469 3753 634 3836 ὑπεύθυνος,
661 3755 809 3818 universis
832 3777 916 3833 ver0,
940 3761 1002 3818 tam
1017 3757 1193 3840 regiquam
1229 3754 1232 3760 ’

178 3872 311 3950 civibus,
345 3871 391 3935 lex
422 3872 556 3957 imperet.
603 3871 680 3936 Tum
704 3895 789 3957 reges
813 3873 849 3936 iis
873 3874 1065 3967 commendat
1088 3877 1192 3959 primo

176 3991 244 4054 loco
272 3991 368 4055 filium
393 4013 500 4068 suum,
529 3991 661 4055 secundo
686 3992 890 4078 Hipparinum
914 3994 1022 4076 prioris
1045 3993 1192 4080 Dionysii

176 4109 291 4186 filium,
316 4111 406 4173 tertio
429 4109 610 4194 Dionysium
633 4111 796 4188 minorem,
822 4112 982 4198 expulsum
1004 4119 1189 4200 tyrannum,
