2746 4950
658 365 719 426 217

180 572 336 651 γριὸψαντα
353 573 393 636 τὸν
406 563 508 651 ρηὸέντ’
528 571 758 647 αἰνιγματωδῶς,
771 573 807 640 ὡς
818 571 922 650 ididia.
936 571 958 652 ¹)
982 567 1049 631 illis
1065 591 1135 632 vero
1148 568 1192 630 in-

182 689 366 774 terpretibus
388 688 571 772 antiquitate
586 668 722 751 vmultum
740 693 894 773 praestant
909 687 1065 772 Epistolae
1073 714 1082 764 3
1099 708 1193 770 quare

182 831 290 895 operae
318 809 448 894 pretium
476 815 521 871 est
545 807 697 891 inquirere
733 806 809 890 quid
830 805 901 869 fidei
924 805 1032 869 harum
1060 806 1194 869 testimo-

182 928 235 993 nio
259 929 299 991 sit
321 926 507 991 habendum.
554 924 627 990 Non
660 933 705 989 est
733 934 832 989 autem
858 904 951 988 huius
973 925 1048 1002 loci,
1073 946 1193 988 omnem

184 1047 263 1111 hanc
286 1045 513 1129 quaestionem,
539 1066 615 1129 opus
640 1043 761 1108 difficile
785 1050 815 1108 et
831 1043 978 1121 arduum,
995 1051 1177 1128 pertractare
1183 1069 1193 1121 ;

184 1172 346 1228 contentus
376 1185 446 1241 ero,
479 1162 561 1247 quod
592 1163 747 1247 proposito
777 1184 845 1226 meo
877 1161 1005 1240 sufficit,
1033 1161 1193 1225 afferendis

183 1284 221 1346 iis
252 1305 330 1367 quae
358 1281 439 1367 apud
462 1281 710 1365 antiquissimum
734 1288 859 1358 testem,
887 1279 1083 1345 Aristotelem
1106 1279 1192 1358 dico,

185 1402 222 1466 de
245 1401 392 1483 αὶγριὸφιις
419 1401 480 1464 illis
504 1408 720 1464 memorantur.

229 1520 351 1584 Primus
371 1520 420 1583 hic
437 1521 470 1583 in
489 1540 615 1583 censum
626 1519 710 1583 venit
722 1519 808 1582 locus
821 1517 995 1603 Aristotelis
1007 1517 1099 1602 Phys.
1109 1516 1192 1594 Ina

186 1665 215 1726 p.
252 1642 315 1703 209
349 1639 386 1704 B.
433 1638 564 1716 Brand.,
589 1638 644 1702 nbi
667 1637 705 1702 de
730 1636 828 1722 spatio
852 1637 980 1721 loquens
1004 1635 1193 1700 haecdicit:

186 1757 312 1825 Πλιὸταν
340 1760 391 1834 τὸην
419 1755 487 1832 ὕλην
517 1757 567 1822 καὶ
597 1759 648 1832 την
677 1757 776 1837 χώραν
810 1755 903 1821 ταύτὸ
937 1763 1025 1836 Φησιν
1059 1751 1130 1819 εἶναι
1164 1757 1195 1819 ἐν

184 1882 224 1958 τῷ
256 1879 391 1959 Τιμαίῳ·
419 1877 454 1942 τὸ
485 1878 544 1957 γὸιρ
575 1877 796 1953 μεταληπτικὸν
827 1877 876 1941 καὶ
900 1877 952 1950 τὴν
975 1876 1072 1955 χώραν
1095 1873 1123 1938 ἓν
1145 1873 1194 1938 καὶ

184 1996 312 2062 ταύτὸν·
345 1993 435 2060 ἄλλον
465 1995 494 2059 ὸὲ
525 1996 628 2076 τρόπον
658 1995 720 2059 ἐκεῖ
747 2020 782 2059 τε
804 1994 899 2072 λέγων
921 1993 955 2058 τὸ
978 1993 1197 2068 μεταληπτικὸν

186 2116 235 2181 καὶ
267 2116 295 2180 ἐν
323 2121 396 2187 ταῖς
418 2112 628 2190 λεγομέναις
653 2111 837 2195 ιὸγριὸφιις
864 2112 1054 2190 ὸὸγματιν.
1085 2110 1196 2189 „Plato

186 2233 342 2299 materiem
366 2240 396 2296 et
419 2233 553 2318 spatium
576 2231 657 2295 idem
682 2254 746 2296 esse
770 2230 845 2296 dicit
868 2231 901 2295 in
919 2230 1060 2295 Timaeo:
1077 2252 1146 2293 nam
1163 2229 1195 2294 τὸ

186 2353 407 2429 μεταληπτικὸν
439 2359 469 2415 et
499 2352 634 2437 spatium
657 2374 755 2415 unum
779 2351 922 2434 idemque
945 2349 1037 2414 dicit:
1063 2358 1196 2413 ceterum

188 2471 245 2534 hoc
274 2468 456 2534 vocabulum
488 2469 706 2546 μεταληπτικὸν
726 2468 786 2532 alio
811 2491 903 2532 sensu
923 2468 957 2532 in
979 2466 1119 2545 Timaeo,
1137 2465 1197 2529 alio

187 2591 219 2654 in
238 2596 297 2660 ταῖς
320 2588 465 2669 ιὸγριὸφας
487 2587 645 2673 usnrpat.”
658 2587 683 2672 2)
721 2587 818 2651 Addit
838 2594 896 2659 ταῖς
916 2586 1101 2664 λεγομέναις,
1122 2584 1196 2670 quid

187 2709 245 2773 hoc
276 2707 448 2792 significat?
479 2730 553 2771 num
587 2707 661 2771 hoc:
694 2729 768 2792 qaae
798 2705 935 2778 Plutonia
956 2728 1015 2771 erae
1032 2706 1196 2790 farentur,

186 2851 243 2894 ααα
266 2835 362 2891 tamea
383 2826 476 2890 reat?
499 2849 538 2890 an
560 2826 679 2912 potius:
704 2848 777 2911 quoe
798 2827 850 2889 boc
872 2825 958 2889 titulo
977 2824 1192 2902 immituntur,
1299 2820 1303 2830 '

189 2969 250 3031 qno
270 2945 423 3010 indicetur
438 2945 581 3030 dogmata
596 2946 655 3009 ista
669 2967 749 3022 non,
768 2951 803 3008 ut
823 2944 975 3028 dialogos,
992 2942 1030 3008 ab
1045 2943 1112 3027 ipso
1127 2943 1196 3006 Pla·

188 3075 260 3130 tone
283 3065 378 3129 literis
402 3064 544 3129 mandata
568 3072 598 3129 et
621 3065 744 3149 vulgata
767 3087 847 3141 esse,
872 3063 926 3128 sed
942 3062 979 3128 ab
995 3062 1062 3127 aliis
1079 3085 1115 3127 ex
1131 3062 1195 3126 eius

197 3261 365 3272 ———-

224 3399 247 3460 1)
264 3397 378 3446 Veterum
401 3396 560 3461 interpretum
577 3396 643 3446 locos
660 3397 688 3446 de
706 3396 751 3445 hoc
768 3400 909 3461 argumento
926 3396 1024 3461 collegit
1040 3398 1065 3445 et
1082 3396 1197 3460 explicuit

191 3492 330 3543 Brundisina
354 3491 379 3540 in
403 3491 511 3540 Diatribe
538 3491 567 3540 de
589 3492 689 3558 perditis
706 3490 806 3541 Aristot.
830 3491 886 3540 libr.
908 3492 938 3540 de
955 3491 1019 3541 Ideis
1036 3495 1061 3541 et
1076 3492 1106 3542 ds
1127 3491 1197 3540 Bono

191 3591 310 3650 (Bonum,
329 3589 415 3650 181³„
432 3588 571 3638 retractavit
588 3587 794 3652 Trendelenburg,
812 3588 905 3638 Platon.
921 3589 950 3637 da
973 3587 1036 3637 Ideis
1061 3589 1130 3638 etde
1147 3589 1197 3638 Nu·

191 3685 262 3735 meris
279 3685 355 3734 doctr.
373 3700 401 3732 ex
418 3684 519 3733 Aristot.
535 3684 658 3734 illustrata
675 3684 791 3749 (Lipsiae,
811 3683 894 3745 1826).

223 3782 248 3841 1)
265 3780 361 3844 Spectat
377 3780 458 3830 locum
477 3780 582 3829 Platonis
600 3779 704 3839 Timaei,
721 3795 745 3844 p.
762 3779 876 3838 48-51,
894 3795 964 3844 quem
980 3794 1052 3843 supra
1063 3779 1143 3844 attigi,
1156 3779 1197 3828 ubi
1220 3835 1230 3843 ‚
1259 3843 1261 3845 ‚

191 3876 299 3940 loquitur
315 3877 344 3926 de
361 3876 505 3934 materia,
524 3891 595 3940 quam
612 3878 682 3924 vocat
698 3883 793 3946 μητέρα
809 3879 850 3927 τοῦ
865 3879 985 3939 αἰσθητοῦ,
1002 3891 1061 3938 quae
1078 3874 1141 3924 ideas
1159 3877 1199 3936 (eet

192 3975 269 4032 νσητά)
286 3971 311 4020 in
329 3987 353 4021 se
370 3972 470 4036 suscipit
488 3976 512 4019 et
528 3970 562 4020 ita
579 3975 610 4022 τὰ
628 3973 704 4040 δρατὰ
720 3975 835 4035 procreat.
871 3971 966 4020 Dicitur
982 3970 1023 4020 illa
1040 3972 1200 4038 μιταλαμβά·

193 4088 236 4119 νιιν
258 4072 298 4120 ταῦ
317 4073 394 4126 meet
417 4072 452 4132 (p.
470 4068 505 4117 sl
529 4069 574 4128 A),
599 4067 660 4116 uude
677 4066 706 4116 ab
723 4067 852 4116 Aristotele
869 4072 967 4117 vocatur
983 4071 1010 4118 τὸ
1026 4070 1199 4131 μεταληπτικὸν.

195 4163 285 4212 Locum
302 4163 439 4214 Aristotelis
456 4163 533 4229 tangit
548 4163 700 4222 Brundisina,
716 4178 740 4227 p.
758 4162 789 4212 25
806 4178 858 4227 sqq.
