2746 4950
653 322 713 383 191

180 527 274 611 ἕτερα.
310 531 353 593 At
375 528 558 613 generatim,
582 535 618 592 ut
640 550 658 590 a
679 534 801 605 nostro,
824 529 865 593 τοὶ
879 528 1003 603 αἰσθητοὶ
1026 528 1186 593 aPlatone

128 675 130 679 ¹
180 648 239 712 hoe
263 647 410 712 vocabulo
433 670 495 710 non
518 647 726 732 designantur.

227 767 259 830 Si
284 790 353 832 vero
373 768 475 852 ipsum
491 766 676 831 attendimus
692 767 903 845 enuntiatum,
919 767 974 846 „in
988 767 1129 849 omnibus
1144 789 1188 830 re·
1223 746 1228 753 .

182 885 240 950 bus
267 907 331 950 esse
354 886 413 950 tria
428 908 481 970 per
504 899 590 970 quae
605 893 844 970 cognoscantur,
868 885 1187 970 noman,defiaitionam

182 1011 214 1068 et
224 1004 392 1088 fiqaramj’
418 1003 577 1069 fatendum
603 1004 653 1067 hie
675 1004 836 1068 dissimilia
851 1004 997 1089 copulari.
1032 1001 1186 1067 Nimirum

181 1122 270 1189 ὄνομα
293 1131 323 1188 et
345 1124 432 1199 λόγος
455 1123 492 1187 ab
516 1123 691 1188 hominibus
714 1146 769 1208 pro
793 1124 917 1188 arbitrio
933 1123 1024 1189 rebus
1044 1123 1187 1208 imposita

182 1249 268 1306 sunt:
300 1265 371 1305 nam
400 1241 479 1305 nihil
509 1246 609 1318 vetat,
638 1250 675 1306 ut
705 1241 797 1320 dicit,
829 1245 868 1307 rol
898 1249 945 1307 νῦν
972 1242 1188 1320 στρογγύλα

182 1361 351 1438 καλούμενα
374 1361 477 1425 εὐθέα
498 1361 653 1433 κεκλήοέαι
676 1349 766 1425 τατ
782 1360 885 1425 εὐθέα
909 1361 941 1435 δή
958 1361 1187 1442 στρογγύλας

182 1479 295 1565 εἴδωλον
318 1501 389 1543 vero
413 1488 458 1542 est
481 1480 579 1543 forma
600 1479 674 1564 ipsis
704 1479 795 1543 rebus
807 1458 948 1564 ¹propria,
966 1502 1056 1564 quam
1072 1487 1189 1542 mutare

183 1597 321 1661 homines
345 1606 511 1681 nequeunt.
543 1598 702 1662 Praeterea
726 1598 815 1674 ὄνομα
838 1604 869 1662 et
886 1598 972 1674 λόγος
993 1607 1067 1662 sunt
1082 1619 1190 1683 eogno-

184 1715 288 1779 seeudi
315 1716 569 1794 instrumentum,
602 1715 718 1780 εἴδωλον
750 1739 820 1779 vero
853 1723 898 1780 est
924 1738 993 1801 pars
1018 1717 1082 1779 eius
1106 1715 1189 1800 quod

184 1835 429 1919 cognoscendum
445 1842 500 1898 est.
524 1835 612 1898 Falso
630 1842 731 1898 autem
747 1834 821 1898 dicit
836 1835 948 1916 ἒκήσπῳ
964 1842 1018 1900 τῶν
1029 1834 1113 1900 ὄντων
1126 1856 1190 1898 esse

184 1951 315 2018 εἴδωλονε
340 1977 410 2018 nam
432 1954 570 2038 loquitur
593 1976 655 2018 non
677 1961 797 2017 tantum
818 1954 854 2018 de
870 1954 960 2018 rebus
976 1953 1189 2030 sensibilibus,

187 2072 257 2149 sed,
289 2079 324 2135 ut
354 2072 419 2158 ipse
443 2071 534 2147 dicit,
559 2074 621 2153 περὶ
643 2075 673 2136 τ’
683 2072 773 2144 εὐθέος
796 2072 845 2136 καὶ
873 2078 1056 2152 περιφεροῦς,
1079 2073 1140 2154 περὶ
1162 2069 1189 2136 τ’

185 2193 299 2267 aynae
332 2194 381 2254 καὶ
412 2196 502 2255 κακοῦ
534 2190 583 2254 καὶ
618 2191 745 2256 δικαίου.
760 2240 768 2256 .
783 2241 812 2256 ..
843 2191 892 2253 καὶ
923 2189 990 2272 ζῴου
1021 2189 1198 2268 ξύμπαντος

186 2312 248 2390 πέρι
270 2310 319 2374 καῖ
343 2312 372 2374 ἐν
396 2316 513 2389 ψυχαῖς
537 2309 625 2384 ήθους.
673 2307 757 2373 Num
782 2316 883 2373 autem
907 2309 1062 2395 justitiae,
1079 2309 1189 2386 animi,

186 2428 308 2490 virtutis
332 2425 551 2505 seutellulis,
576 2427 690 2511 speeies
714 2427 770 2493 sub
794 2427 898 2491 oeulos
922 2427 1086 2492 cadentes?
1127 2409 1133 2417 ἢ

232 2547 261 2608 Α
294 2545 392 2610 tribus
423 2546 470 2609 his
502 2547 669 2610 secernitur
698 2547 731 2611 τὸ
759 2545 802 2621 ὃν,
834 2546 847 2611 ὃ
879 2548 912 2621 δή
934 2547 1062 2632 γνωστόν
1084 2573 1118 2612 τε
1140 2545 1189 2611 καὶ

186 2664 290 2739 οέιιηθές
314 2666 406 2746 ἐστιν,
430 2665 451 2727 i.
476 2687 501 2728 e.
523 2668 539 2741 ή
555 2664 655 2739 οὐσία,
673 2686 748 2747 quas
764 2665 847 2728 ideas
864 2664 997 2749 appellat
1012 2664 1100 2728 Plato
1106 2691 1115 2741 3
1132 2664 1190 2727 hoc

188 2785 296 2868 quinto
327 2783 393 2847 loeo
428 2784 515 2868 ponit
546 2792 575 2848 et
605 2785 638 2848 in
666 2784 862 2868 sequentibus
887 2785 977 2848 etiem
1000 2784 1033 2849 τὸ
1056 2784 1191 2862 πέμπτον

187 2902 333 2971 nominat.
370 2901 462 2982 Quod
479 2909 587 2970 ,autem
611 2910 753 2986 quartum
777 2903 881 2987 ponit,
906 2902 1006 2966 medio
1030 2902 1095 2965 loco
1111 2902 1191 2966 inter

188 3023 288 3108 priora
318 3022 376 3085 tria
399 3029 430 3085 et
453 3022 595 3105 quintum
618 3022 652 3087 τὸ
675 3021 720 3097 ἐν,
744 3044 853 3106 nempe
875 3024 928 3096 τήν
950 3022 1129 3104 ἐπιστήμην,
1154 3021 1191 3085 de

163 3140 246 3225 ‘hoc
267 3141 311 3202 ita
334 3139 458 3204 confuse
481 3141 634 3233 loquitur,
663 3147 698 3204 ut
723 3141 840 3224 nescies
857 3139 931 3223 quid
944 3124 1190 3225 eointelligatur.

188 3258 325 3321 Primum
348 3258 423 3322 dicit
429 3309 438 3338 ,
463 3281 517 3343 per
538 3260 598 3322 trie
614 3259 667 3323 illa
688 3281 765 3342 quae
781 3258 871 3322 modo
888 3258 970 3322 dieta
985 3265 1058 3321 sunt
1072 3259 1190 3333 ἐπιστή-

188 3377 246 3455 μην
268 3377 362 3455 effiei;
386 3386 453 3441 tum
476 3380 637 3456 ἐπιστήμην
663 3377 744 3442 idem
768 3400 832 3441 esse
848 3383 940 3460 atque
963 3382 1026 3441 νοῖιν
1048 3384 1078 3440 et
1100 3379 1192 3451 οῖοιηθή

189 3495 289 3574 δόξαν,
315 3500 419 3579 eeque'
433 3518 495 3560 non
517 3497 551 3560 in
577 3497 675 3561 verbis
703 3505 733 3560 et
756 3497 878 3580 figuriS‚
903 3495 934 3559 h.
958 3519 983 3560 e.
1008 3497 1040 3559 in
1063 3497 1190 3574 nomine,

189 3615 351 3699 definitione
381 3622 411 3679 et
437 3616 548 3701 effiqia,
583 3615 636 3679 sed
662 3616 695 3679 in
722 3615 829 3679 animis
857 3614 955 3700 posita
985 3637 1049 3678 esse
1080 3616 1142 3698 (οὐκ
1164 3616 1192 3678 ἐν

189 3742 300 3818 Φωναῖς
334 3734 390 3799 οὐδ’
417 3737 445 3798 ἐν
471 3734 614 3811 σωμάτων
639 3736 793 3816 σχήμασιν
819 3735 889 3798 ἀλλ’
913 3735 941 3798 ἐν
965 3740 1083 3814 ψυχαῖς
1106 3733 1193 3818 ἐνόν),

191 3860 282 3937 atque
312 3853 474 3929 ἐπιστήμην
505 3860 535 3916 et
568 3858 629 3918 νοῦν
660 3853 794 3937 proxime
825 3858 954 3935 cognata
977 3874 1041 3916 esse
1063 3855 1103 3933 τῷ
1125 3851 1192 3916 ἐντι.

190 3971 300 4034 Postea
321 3992 427 4034 rursus
450 3971 655 4051 τὰτέτταρα,
678 3971 707 4034 b.
733 3994 758 4034 e.
782 3969 889 4053 ὄνομα,
911 3969 1015 4048 λόχον,
1032 3970 1147 4035 εἴδωλον
1163 3977 1193 4034 et

191 4089 369 4164 ἐπιστήμην,
394 4088 521 4173 opponit
542 4091 583 4170 τῷ
606 4089 747 4170 πέμπτῳ,
771 4110 901 4173 quorum
924 4087 978 4152 illa
1000 4089 1083 4153 fluxa
1102 4096 1132 4152 et
1149 4089 1193 4152 in·
