2746 4950
663 331 705 391 42

227 535 311 601 Haec
333 537 372 601 de
395 537 539 622 epistolae
559 544 737 622 argumento
752 542 782 600 et
797 558 899 601 rerum
913 537 1114 616 tractatione3
1127 539 1195 624 jam

183 655 220 719 de
244 656 380 719 oratione
403 656 569 720 videamus.

638 895 655 978 p
688 895 716 956 2.

553 1134 601 1196 De
628 1132 773 1195 Oratione.
791 1132 813 1214 Ι)

226 1367 297 1447 Quo
321 1367 430 1432 melius
454 1369 608 1453 scriptoris
628 1367 798 1453 judicium,
823 1390 966 1445 acumen,
989 1367 1192 1452 elegantiam

182 1487 280 1551 verbis
297 1493 327 1550 et
343 1486 580 1571 cogitationibus
596 1487 747 1550 aestimari
762 1487 893 1572 possint,
910 1486 1084 1571 speciminis
1096 1509 1193 1552 cansa

182 1605 347 1671 nonnullos
370 1606 452 1669 locos
475 1629 658 1691 percurram.
704 1606 868 1671 Ordiamur
891 1605 928 1670 ab
950 1605 1050 1670 initio.

226 1723 365 1808 Epistola
388 1725 431 1788 sic
453 1724 575 1809 incipit:
622 1725 834 1790 Ἐπεσπεθλοιτε
856 1725 903 1801 μοὶ
924 1722 1043 1804 νομίζειν
1063 1723 1122 1788 δεῖν
1138 1725 1191 1798 τὴν

181 1844 304 1908 δικνοθοιν
334 1845 411 1921 ὑμῶν
442 1839 512 1908 εἶνοοι
542 1846 594 1918 τὴν
621 1845 711 1917 κθτὴν
742 1840 774 1919 ἣν
796 1837 862 1923 εἶχε
883 1841 932 1907 aa}
956 1841 1047 1922 Δθων,
1078 1843 1132 1908 aa>
1156 1842 1190 1917 at

181 1962 230 2026 κοιὶ
261 1969 395 2026 κοινωνεῖν
417 1961 607 2027 θιεκελεθεσθε
630 1986 677 2040 μοι
705 1962 822 2027 κοιθθσον
844 1957 897 2034 οἶος
917 1959 1014 2036 πἐἰμὶ
1037 1960 1113 2041 ἔργῳ
1137 1961 1188 2026 aar

180 2080 269 2160 λόγῳ.
316 2082 393 2158 Ἐγὼ
417 2081 462 2162 δὲ,
484 2081 507 2144 εἰ
523 2080 576 2158 μὲν
591 2079 676 2156 aaran
691 2080 740 2144 κοιὶ
756 2080 908 2158 ε’πιθνμθοον
923 2080 974 2153 τὴν
990 2079 1081 2152 κύσθον
1096 2077 1190 2159 ἔχετε

181 2200 292 2280 ἐκείνῳ,
323 2199 463 2281 ξύμφημι
490 2199 681 2281 κοινωνήσειν,
703 2200 726 2262 εἰ
749 2198 778 2262 δὲ
804 2201 864 2277 μὴ,
887 2196 1093 2276 βουλεύσεσθαι
1117 2212 1192 2262 πολ·

125 2403 128 2411 Ι
180 2316 275 2390 λοθκις.

224 2436 263 2499 In
279 2436 428 2521 principio
440 2441 564 2500 notetur
577 2457 800 2520 supervacuum
811 2435 876 2499 δεῖν.
900 2432 982 2497 Nam
992 2433 1191 2500 ἕπεστείλοοπέ

179 2581 226 2634 μοι
249 2553 369 2635 νομίζειν
393 2554 543 2638 significat
561 2555 719 2637 amputatas
742 2554 813 2618 milri
833 2559 866 2617 ιιθ
880 2553 1035 2618 οοοιόθθιοοοο
1055 2553 1119 2616 sive
1128 2576 1190 2636 per

178 2674 280 2738 θοθοοοο
300 2673 435 2756 jacuistis
464 2697 507 2738 me
540 2674 714 2738 οοκοθθιοοοοο.
766 2671 813 2736 Dc
844 2670 1020 2736 huiusmodi
1048 2670 1191 2755 pleonas-

180 2794 236 2856 mis
262 2793 349 2857 infra.
396 2792 521 2857 Ultimis
552 2793 651 2858 verbis
673 2792 881 2871 βοολεθσεσθοιι
905 2789 1048 2863 πολλάκις
1072 2791 1190 2874 signifi-

179 2920 266 2977 catur
296 2914 527 2994 ὑποκοριστικῶς,
551 2915 691 2991 abnuere,
716 2934 856 2977 νοοοοονο.
902 2909 986 2990 Quid
1010 2915 1112 2973 autem
1135 2909 1190 2976 hic

179 3032 237 3097 sibi
267 3034 335 3096 vuit
362 3031 527 3105 πολλάκιςθ
558 3033 685 3118 Propria
718 3054 809 3095 sensu
840 3036 998 3115 acceptum
1020 3051 1075 3116 pro
1099 3053 1191 3114 saepe

213 3363 236 3423 1)
254 3361 306 3410 Hac
323 3362 348 3411 in
365 3365 433 3425 parte
449 3378 597 3426 nequaqnam
608 3363 708 3426 probare
719 3377 817 3427 possum
827 3360 944 3426 judicium
956 3361 986 3410 K.
999 3361 1038 3410 nr.
1051 3361 1188 3412 Hermanni

178 3459 203 3506 in
229 3472 329 3505 censura
354 3457 445 3506 dissert.
472 3457 605 3507 Salomonis
631 3473 702 3522 snpra
726 3457 850 3516 laudatae,
877 3457 918 3506 ubi
942 3457 1000 3506 haec
1020 3456 1092 3505 dicit:
1120 3455 1188 3516 „Uu-

178 3567 241 3600 seres
256 3551 386 3601 Erachtens
403 3552 472 3602 komt
489 3568 513 3601 es
530 3553 597 3602 nicht
614 3552 703 3602 eowohl
720 3553 806 3601 darauf
821 3568 851 3600 an
868 3551 1109 3617 Abwcichnngen
1128 3568 1187 3602 von

177 3647 392 3697 Platonischer
406 3649 535 3713 Sprache
549 3649 606 3698 und
623 3650 824 3713 Ideengange‚
839 3648 994 3698 woriiberdie
1005 3647 1188 3712 Entschoidung

177 3743 262 3792 immer
285 3744 339 3792 sehr
362 3744 452 3793 schwer
473 3744 559 3803 bleibt,
582 3745 616 3793 als
635 3743 748 3809 vielmenr
769 3743 964 3808 geflieasentliche
981 3744 1004 3793 N
1009 3741 1187 3792 achahmun·

177 3853 232 3901 gen
260 3838 318 3886 und
348 3838 596 3888 Reminiscenzcn
619 3839 679 3888 nach
702 3854 731 3887 zn
752 3839 849 3897 utriaco,
873 3839 911 3887 die
930 3836 981 3887 sich
999 3854 1046 3887 von
1063 3837 1187 3887 tinomao

176 3930 272 3980 reichen
289 3931 369 3981 Geiste
386 3932 430 3981 wie
447 3933 517 3982 Plato
535 3933 603 3982 nicht
620 3937 735 3982 erwarten
753 3932 853 3982 lassen.''
886 3933 1006 3996 (Zeitschr.
1024 3934 1041 3982 f.
1057 3932 1188 3982 Alterthw·

179 4025 249 4078 1837.
275 4043 312 4076 nr.
340 4028 388 4090 33).
422 4029 556 4088 Posterius,
579 4029 642 4092 quod
663 4029 754 4089 laudat,
777 4029 879 4078 libenter
903 4029 1004 4094 accipio;
1022 4029 1100 4094 prius,
1120 4030 1185 4094 quod

176 4123 267 4193 rejicit,
285 4122 306 4174 si
322 4139 405 4172 verum
422 4128 496 4184 asset,
514 4127 594 4174 actum
611 4126 674 4174 foret
691 4125 719 4173 de
737 4131 789 4174 arte
806 4125 896 4174 critica.
