2746 4950
654 337 712 426 τεν

177 558 240 618 λος,
265 544 423 625 ε’λενάεράοος
446 544 596 624 δοῲάοατοι
607 592 613 606 .
625 592 652 607 ..
671 541 796 620 άκράτον
815 543 906 617 αὐτῆς
927 542 1063 622 μεάάτάρ.
1090 539 1184 621 Quod

177 670 277 726 autem
306 662 350 726 ibi
373 662 485 726 dieitur
497 666 513 739 ἡ
526 659 607 740 άγαν
618 661 762 741 άναρχία,
775 659 888 724 fectum
900 659 938 724 ad
949 659 1182 724 similitudinem

176 779 251 844 dicti
274 779 428 860 Platonis,
453 785 469 858 ἡ
495 779 576 858 άγαν
599 780 759 861 ἐλευθερία,
784 778 865 864 quod
888 779 1016 863 legimus
1029 779 1180 844 ineodem

175 896 254 962 libro
290 898 328 962 de
363 898 438 984 Rep.
460 902 504 984 'p.
538 900 601 961 564
632 899 674 961 A:
713 899 741 986 ἧι
759 896 818 978 γάρ
848 895 929 974 άγαν
958 897 1104 978 ἐλευθερία
1134 897 1183 962 ἔοι·

176 1043 224 1083 κεν
253 1021 303 1083 οὐκ
332 1019 371 1089 εἰς
401 1017 476 1083 άλλο
506 1042 534 1084 το
571 1019 587 1094 ἢ
618 1018 658 1089 εἷς
689 1014 770 1095 άγοον
800 1017 926 1082 δουλείαν
957 1015 1182 1095 μεταβάλλεται

177 1137 306 1221 quibus,
329 1138 456 1201 mutatis
480 1137 592 1216 verbis,
617 1136 802 1223 respondent
823 1135 897 1201 haec
913 1137 1040 1220 quaein
1056 1136 1185 1222 epistola

178 1256 320 1342 deinceps
343 1257 501 1342 leguntur:
526 1257 639 1323 δουλεία
654 1258 713 1338 γάρ
728 1256 777 1322 καὶ
798 1256 940 1337 ἐλευθερία
953 1255 1184 1336 ὑπερβάλλουσα

177 1376 230 1455 μὲν
260 1376 384 1456 ἑκατέρα
418 1375 589 1455 πάγκακον,
612 1377 752 1456 ἔμμετρος
776 1369 881 1440 eoem
907 1374 1090 1451 πανάγαθον.
1126 1373 1183 1438 His

178 1503 279 1559 eutem
311 1494 509 1581 subjungitur
540 1495 693 1581 praeclara
717 1494 879 1559 sententia:
903 1493 1009 1574 μετρία
1038 1493 1070 1557 δὲ
1095 1495 1180 1574 ἡάεῷ

176 1615 306 1694 δουλεία,
326 1615 450 1696 άμετρος
472 1615 502 1678 δὲ
525 1618 541 1691 ν’
564 1622 623 1688 τοῖς
645 1615 815 1694 άνάράποις·
841 1614 899 1686 θεὸς
921 1613 1110 1694 δ’άνθράποος
1134 1615 1183 1677 τά·

176 1742 259 1816 Φροοο
283 1734 383 1816 νόμος,
406 1732 511 1816 άφροοο
534 1734 565 1798 δὲ
588 1735 678 1811 ἡδονά.
713 1733 816 1798 Refert
838 1734 912 1798 haee
931 1732 1111 1797 nobilitatos
1127 1732 1182 1795 hos

176 1852 301 1917 Pindari
328 1876 450 1931 versae,
475 1875 550 1937 quos
573 1875 635 1917 non
658 1853 749 1918 semel
772 1854 871 1937 tangit
893 1851 997 1916 Plato:
1026 1851 1147 1930 Νόμος,
1170 1853 1183 1917 i

176 1971 291 2038 πάντων
313 1973 470 2055 βασιλεὺς,
494 1975 600 2038 θνατῶν
621 1999 655 2037 τε
681 1972 730 2038 καὶ
753 1972 920 2050 άθοονάτων,
933 1970 1001 2049 άγεο
1018 1972 1135 2035 δικαιῶν
1150 1970 1182 2036 τὸ

176 2088 344 2168 βιαιότατον
368 2089 517 2173 ὑπερτάτρο
538 2091 622 2171 χειρί.
648 2089 718 2153 vid.
742 2089 867 2153 Pindari
889 2089 925 2152 fr.
949 2097 1035 2152 tom.·
1048 2088 1121 2167 HI,
1137 2111 1182 2151 nr.

180 2212 253 2272 151.
278 2208 325 2272 ed.
350 2206 483 2272 Boeckh.
507 2206 586 2271 Plat.
610 2206 694 2271 Prot.
717 2230 748 2292 p.
775 2209 834 2271 137
849 2205 887 2270 Ι).
905 2205 943 2269 de
957 2204 1051 2289 Legg.
1066 2204 1135 2284 III,
1153 2229 1183 2290 p.

180 2332 242 2392 690
267 2329 312 2407 B,
339 2327 376 2392 ed
402 2350 492 2412 quem
515 2327 616 2390 locum
639 2326 677 2390 cf.
702 2327 782 2389 Astii
805 2325 964 2389 Animadv.
989 2347 1019 2409 p.
1045 2327 1123 2389 170.

223 2447 324 2510 Etiam
365 2446 396 2510 in
434 2447 471 2509 iis
506 2467 584 2529 quae
614 2444 745 2508 Dionem
775 2442 925 2507 dicentem
954 2441 1025 2506 facit
1052 2442 1095 2506 de
1125 2465 1186 2506 ma·

169 2535 355 2650 ‘gistratibus
389 2586 485 2628 novae
518 2563 632 2628 civitati
666 2561 874 2648 praeficiendis
900 2561 1057 2626 manifeste
1081 2560 1186 2625 Plaee

177 2708 246 2749 nem
278 2692 400 2748 secutus
431 2692 494 2761 est,
530 2706 733 2768 quamquam,
765 2681 916 2746 oblivione
952 2703 990 2744 an
1021 2681 1185 2760 consulto,

178 2803 269 2868 huius
300 2812 459 2889 praecepta
486 2802 612 2888 paulum
635 2801 817 2867 immutavit.
863 2800 998 2864 Primum
1019 2798 1129 2884 jubet,
1153 2823 1185 2884 p.

178 2925 241 2985 356
265 2923 309 2985 D:
345 2923 472 3001 πολέμου
494 2947 528 2987 τε
550 2922 598 2987 καὶ
626 2923 731 3003 εἰρήνης
754 2921 901 3001 άρχοντας
924 2919 1185 2996 νομοφύλακας

177 3042 365 3118 ποοάοαοάαο,
397 3040 512 3121 άράροὸν
542 3038 736 3123 τριάκοντα
758 3037 818 3102 καὶ
842 3037 962 3114 πέντε,
986 3037 1067 3114 μετά
1091 3036 1185 3112 δήμου

176 3158 225 3223 κοά
248 3159 378 3236 βουλῆς·
403 3159 572 3238 δικαστήρια
594 3158 714 3223 δ’άλλοο
736 3157 789 3234 μὲν
811 3154 925 3238 άλλων,
948 3153 1069 3220 θανάτου
1086 3155 1118 3246 δὲ
1134 3156 1184 3220 καὶ

175 3285 276 3358 φυγῆς
314 3275 378 3348 τούς
414 3300 449 3340 τε
483 3277 569 3341 πέντε
604 3275 652 3340 καὶ
688 3274 841 3356 τριάκοντα
876 3273 1027 3353 ὑπάρχειν.
1077 3271 1184 3337 Etiam

176 3394 257 3479 apud
292 3393 451 3458 Platonem
474 3394 512 3457 de
546 3392 640 3479 Legg.
672 3392 728 3472 VI,
761 3416 790 3479 p.
817 3394 878 3458 752
903 3392 950 3468 D,
974 3400 1185 3456 memorantur

176 3513 395 3595 νομοφύλακες,
427 3513 480 3576 sed
511 3533 638 3577 numero
667 3510 821 3593 τριάκοντα
848 3510 897 3575 καὶ
920 3509 1039 3587 ἕπτα,
1064 3531 1185 3573 eorum·

176 3653 235 3714 que
265 3631 461 3716 praecipuum
492 3654 604 3695 munus
635 3638 680 3695 est
710 3639 746 3694 ut
776 3631 837 3693 sint
866 3637 988 3710 σωτῆρες
1017 3628 1127 3707 νόμον,
1153 3652 1183 3714 p.

178 3752 239 3815 ⁷70
264 3749 308 3813 B:
332 3751 509 3834 capitelium
532 3773 692 3814 causarum
715 3747 1106 3833 ceterarumquejudicium
1119 3771 1184 3812 non

176 3868 223 3931 his
253 3869 394 3948 mandat,
424 3869 476 3932 sed
503 3867 649 3932 tiibunali
677 3868 715 3931 ad
741 3867 774 3930 id
800 3867 950 3930 instituto.
998 3864 1085 3945 Quae
1113 3875 1185 3952 post

176 3985 249 4050 haec
265 3987 406 4072 deinceps
430 3994 616 4071 sequuntur:
641 3985 707 4066 πρὸς
729 3988 838 4057 τούτοις
860 3988 887 4049 τ’
899 3985 1049 4055 ἐκλεκτοὺς
1061 3984 1185 4063 γίγνεσ-

175 4109 220 4170 θαι
244 4107 384 4179 δικαστάς
409 4109 517 4171 ἐκτῶν
541 4112 588 4170 νῦν
610 4106 654 4170 aze}
680 4112 830 4186 περυσινῶν
853 4104 1017 4186 άρχάντων,
1049 4102 1094 4166 ἕν’
1120 4104 1184 4182 d&
