2746 4950
621 323 661 384 31

177 534 204 598 Ι.
231 535 319 598 ΡΙθῖο
338 532 502 618 respondet
521 531 629 594 Dionis
650 530 847 615 propinquis,
869 529 999 593 libenter
1021 551 1053 593 se
1065 527 1142 592 velle

132 653 269 717 societati
292 653 415 715 illorum
439 650 564 728 ascribi,
595 651 621 713 si
645 650 772 714 eandem
795 671 873 732 quae
896 649 1005 712 Dionis
1032 647 1142 710 fuisset

132 772 170 835 de
185 771 342 856 republica
368 769 516 833 haberent
538 768 738 845 seutentiam
762 767 854 830 huius
878 767 973 851 igitur
989 765 1142 829 sententia

134 896 164 953 et
206 888 347 953 voluntas
378 887 477 972 qualis
507 887 599 950 fuerit
628 909 660 949 se
698 885 918 970 expositurum.
972 882 1140 948 Exordium
1169 940 1172 950 .

129 1008 211 1071 ¹facit
240 1030 258 1070 a
287 1029 360 1070 suae
390 1007 487 1091 ipsius
518 1007 597 1069 vitae
628 1005 771 1068 instituto
802 1013 833 1068 et
855 1026 958 1068 cursu.
1005 1003 1082 1068 Inde
1106 1003 1143 1067 ab

139 1125 342 1189 adolescentia
369 1125 481 1189 ductus
504 1125 564 1188 fuit
586 1123 689 1187 studio
713 1146 759 1187 res
782 1123 921 1208 publicas
944 1121 1139 1207 capessendi,

135 1244 188 1308 sed
219 1244 325 1307 multis
356 1237 476 1308 casibus
507 1243 578 1307 inde
609 1242 755 1327 depulsus
787 1250 841 1306 est.
888 1242 1025 1306 Primum
1048 1265 1144 1326 quum

117 1363 263 1446 ‘triginta
285 1363 342 1426 uiri
365 1385 484 1426 summa
514 1385 615 1426 rerum
647 1362 737 1447 potiti
767 1361 930 1425 violentius
954 1384 985 1424 se
1007 1369 1146 1445 gererent

139 1489 230 1564 atque
260 1482 361 1565 ipsum
392 1480 546 1544 Socratem
576 1482 606 1543 vi
638 1480 815 1564 participem
837 1479 962 1544 reddere
985 1503 1058 1543 suae
1081 1502 1146 1543 cru·

138 1600 271 1663 delitatis
294 1608 490 1677 conarentur,
515 1598 704 1663 abalienatus
728 1606 774 1661 est
797 1621 814 1662 a
837 1598 978 1662 civilibus
1001 1599 1144 1693 negotiis.

137 1718 195 1782 His
231 1719 382 1802 expulsio,
419 1741 515 1801 quum
556 1741 624 1802 spes
655 1718 847 1781 revivisceret
878 1718 1013 1781 melioris
1043 1740 1146 1782 rerum

138 1845 252 1914 status,
277 1860 348 1901 mox
371 1845 475 1900 secuta
498 1843 544 1900 est
567 1837 682 1921 injusta
704 1835 837 1900 Socratis
861 1836 1032 1914 damnatio,
1063 1837 1144 1901 unde

138 1956 272 2020 taedium
293 1979 362 2019 eum
382 1957 462 2040 cepit
480 1978 582 2019 rerum
600 1955 792 2041 publicarum
801 1982 809 2033 ;
823 1965 854 2019 et
866 1978 927 2040 quo
940 1957 1037 2041 magis
1050 1964 1147 2020 aetate

138 2074 385 2160 progrederetur,
418 2097 452 2138 eo
483 2075 603 2159 plenius
627 2075 780 2159 perspexit
803 2075 878 2138 adeo
901 2082 1060 2159 corruptos
1084 2098 1147 2138 esse

139 2216 237 2258 mores
261 2202 291 2256 et
314 2191 520 2278 disciplinam,
545 2201 581 2257 ut
603 2194 765 2278 pleraeque
781 2194 917 2257 civitates
934 2194 1148 2258 immedicabili

140 2312 245 2376 morbo
276 2311 449 2383 laborarent
456 2339 465 2390 3
501 2312 618 2376 nullam
649 2335 713 2376 csse
745 2312 852 2376 salutis
884 2335 967 2396 spem
1002 2314 1061 2376 nisi
1096 2320 1149 2376 aut

140 2431 315 2524 philosophi
341 2431 525 2516 imperarent
555 2438 609 2495 aut
638 2433 821 2516 imperantes
850 2432 1147 2516 philosopharentur.

140 2552 182 2635 (p.
208 2552 271 2613 326
296 2551 345 2635 A).

185 2667 252 2732 Hac
283 2675 384 2732 mente
415 2669 551 2732 Athenas
582 2669 716 2753 reliquit.
762 2668 920 2734 Profectus
948 2670 980 2733 in
1009 2669 1148 2747 Italiam,

143 2787 186 2851 ibi
217 2788 360 2850 instituta
390 2795 419 2851 et
449 2810 547 2851 mores
578 2789 682 2852 eadem
715 2811 775 2872 qua
805 2788 887 2852 domi
915 2789 983 2853 labe
1007 2795 1150 2873 corrupta

144 2908 285 2990 repperit.
340 2907 434 2970 Forte
470 2907 589 2971 delatus
625 2908 657 2970 in
692 2906 826 2971 Siciliam
860 2909 897 2990 (a.
934 2907 968 2971 C.
1005 2910 1080 2992 388)
1120 2916 1150 2971 et

147 3027 297 3090 admissus
313 3027 345 3090 in
362 3026 464 3090 aulam
479 3027 633 3111 Dionysii,
649 3027 693 3091 ibi
709 3027 851 3111 cognovit
863 3027 1011 3104 Dionem,
1028 3028 1151 3112 tyranni

145 3147 368 3230 propinquum,
401 3146 622 3210 adolescentem
653 3146 774 3230 (viginti
802 3145 864 3209 fere
895 3149 1054 3230 annorum)
1090 3146 1151 3209 acri

145 3265 284 3348 ingenio,
309 3264 455 3342 docilem,
479 3264 667 3343 modestum,
693 3286 784 3348 quem
799 3265 921 3328 virtutis
939 3273 969 3329 et
986 3265 1151 3349 sapientiae

146 3406 245 3476 amore
276 3384 403 3447 imbuit:
436 3383 490 3466 qui
520 3383 557 3447 ab
588 3383 646 3446 hoc
676 3383 747 3447 inde
773 3391 909 3469 tempore
933 3407 1013 3446 unus
1036 3385 1066 3446 in
1092 3407 1152 3446 me-

146 3503 197 3566 dia
227 3503 314 3565 aulae
341 3502 482 3566 lubidine
510 3509 541 3565 et
570 3502 693 3565 lascivia
720 3504 952 3587 temperantiam
976 3509 1006 3566 et
1029 3502 1153 3587 frugali-

146 3629 241 3685 tatem
277 3621 374 3684 colere
404 3644 467 3685 non
490 3606 618 3685 destitit.
654 3620 740 3684 Abiit
763 3621 860 3685 Plato.
898 3621 1026 3704 Aliquot
1050 3632 1152 3687 autem

148 3741 234 3802 annis
257 3747 343 3824 post,
368 3745 488 3803 mortuo
512 3739 659 3823 Dionysio
683 3755 723 3821 (a.
749 3741 841 3825 367),
866 3739 903 3803 ab
924 3740 1015 3803 huius
1036 3763 1155 3804 succes-

119 3872 121 3876 “
148 3881 214 3921 sore
244 3858 392 3942 Dionysio
423 3858 556 3934 minore,
581 3857 689 3921 Dionis
713 3858 854 3936 hortatu,
878 3859 1025 3922 invitatus
1049 3866 1153 3923 estut

147 3999 252 4040 rursus
270 3976 398 4040 Athenis
422 3976 584 4060 Syracusas
601 3977 725 4040 veniret.
757 3976 802 4040 Re
818 3979 951 4041 multum
967 3977 1150 4055 deliberata,

148 4095 288 4171 tandem,
313 4097 368 4158 etsi
391 4096 639 4179 tergiversantem,
665 4097 754 4160 cessit
778 4097 944 4161 amicorum
967 4097 1106 4182 precibus
1123 4104 1153 4160 et
