2746 4950
754 328 794 389 18

262 562 326 619 tur,
341 563 394 615 es,
411 551 447 602 ut
462 536 562 601 serbis
576 546 648 599 utar
662 534 879 612 Ticdcmnnni,
895 536 957 612 „de
967 536 1121 601 industris
1131 537 1281 602 ridentur

260 678 346 724 unta
369 657 531 721 verborum
554 654 741 718 obscuritate
757 677 823 716 csse
837 654 995 732 insoluta,
1011 670 1048 719 ut
1064 658 1115 719 rix
1135 656 1281 741 Oedipus

262 800 367 843 serum
386 774 544 860 scriptoris
569 795 691 835 sensum
715 772 787 835 inde
810 774 905 856 possit
929 773 1068 837 elicere”
1083 777 1106 856 ¹)
1321 808 1334 840 ε

307 901 350 959 At
380 904 453 957 suut
483 893 556 955 item
579 891 612 954 in
636 889 775 974 Epistola
798 890 833 953 Π
855 914 934 975 quae
950 916 969 955 a
984 892 1048 955 ΥΠ
1064 893 1148 955 haud
1165 916 1278 977 parurn
1325 884 1356 968 ’-

259 1016 444 1097 discrepant
490 1010 626 1094 Scriptor
655 1031 752 1092 quum
780 1010 813 1072 id
843 1013 972 1074 maxime
1003 1012 1150 1096 Dionysio
1189 1035 1278 1096 prac-

259 1136 360 1218 cipere
393 1129 484 1206 velit,
515 1135 574 1198 πῶς
603 1128 649 1190 δεῖ
667 1128 736 1204 πρὸς
758 1130 904 1202 dmm
933 1133 1015 1206 ἡμᾶς
1036 1134 1116 1210 ἔχειν
1138 1133 1180 1214 (p.
1206 1133 1274 1192 310
1330 1122 1338 1139 ⁸

263 1253 308 1327 D,
336 1252 400 1312 312
428 1247 473 1323 B,
505 1249 570 1309 313
598 1244 651 1328 C),
681 1246 816 1309 ostendit
851 1246 944 1310 talem
970 1268 1036 1311 esse
1065 1247 1170 1311 decere
1193 1249 1277 1332 ipso

261 1394 328 1435 rum
351 1364 622 1441 consuetudinem,
647 1366 724 1429 nihil
750 1376 784 1429 ut
805 1367 837 1429 in
861 1391 897 1429 ea
919 1367 1203 1451 reprehendendum
1220 1368 1275 1430 ha·
1316 1437 1319 1441 ,

260 1492 330 1553 beat
354 1486 523 1572 posteritas.
553 1483 662 1567 Itaque
682 1486 804 1548 remotis
824 1486 1050 1569 suspicionibus
1070 1486 1272 1570 quibusdam,

260 1630 339 1693 quae
363 1628 416 1691 per
438 1603 672 1667 calumniatores
695 1604 775 1666 inter
796 1604 899 1688 ipsum
922 1614 953 1667 et
972 1605 1154 1689 Dionysium
1177 1607 1271 1669 inter·
1305 1590 1307 1595 ³

260 1727 422 1792 cessissent
444 1744 480 1785 ac
502 1728 628 1785 mutuae
651 1720 880 1786 benevolentiae
902 1723 1008 1786 obesse
1027 1709 1218 1802 vincientur,
1235 1726 1267 1788 in

260 1845 378 1926 reliqua
407 1839 535 1925 epistola
561 1839 648 1903 nulla
679 1841 809 1925 amplius
840 1841 1004 1905 simultatis
1032 1842 1159 1926 vestigia
1177 1866 1270 1928 appa-

259 1975 342 2039 rent;
363 1958 468 2023 laudat
491 1967 597 2021 contra
620 1958 760 2042 Dionysii
787 1960 925 2023 studium
949 1961 1115 2045 sapientiae
1135 1984 1268 2044 eumque

260 2091 296 2144 ut
318 2080 434 2143 amicas
458 2078 590 2140 amicum
613 2077 742 2161 impellit
764 2085 794 2140 et
817 2078 957 2141 hortatur
972 2077 1010 2141 ad
1031 2078 1268 2163 philosophiam.

260 2199 343 2263 Haec
375 2218 568 2279 nequaquam
598 2196 751 2278 quadrant
781 2219 849 2259 cum
881 2196 1020 2281 Epistola
1043 2197 1123 2274 VII,
1152 2198 1271 2281 inqua

259 2341 320 2382 non
351 2317 409 2380 nisi
441 2338 510 2378 curn
534 2321 690 2379 contemtu
713 2315 751 2380 de
773 2316 914 2400 Dionysii
937 2316 1047 2379 studiis
1070 2315 1209 2398 loquitur
1236 2329 1265 2380 et

258 2437 349 2500 talem
373 2456 445 2518 erga
467 2440 631 2517 tyrannum
654 2434 788 2497 ostendit
803 2435 956 2511 animum,
980 2441 1093 2497 utnon
1110 2433 1270 2518 probabile

258 2558 299 2619 sit
317 2554 416 2617 ullum
437 2551 569 2636 amplius
588 2553 668 2615 inter
687 2575 738 2616 eos
750 2576 815 2616 esse
826 2553 962 2638 potuisse
978 2552 1175 2638 epistolarum
1186 2575 1267 2617 oom-

258 2673 414 2738 mercium.
432 2669 596 2751 Quomodo
609 2671 646 2735 ab
660 2693 721 2734 uno
733 2672 856 2736 homine
868 2680 931 2735 tam
943 2672 1148 2756 discrepantia
1161 2673 1268 2750 scribi,

256 2795 349 2856 immo
373 2789 447 2873 tingi
470 2789 661 2872 potnerunt?
684 2791 860 2873 praesertim
884 2812 980 2873 quum
996 2790 1100 2853 ambae
1117 2790 1264 2874 epistolae

255 2933 330 2986 uon,
344 2915 380 2972 ut
393 2906 544 2992 Wicgand
556 2908 708 2993 opinatur,
722 2907 847 2982 diversis
860 2908 1066 2993 temporibuS,
1081 2906 1106 2992 2)
1121 2909 1173 2971 sed
1186 2911 1269 2974 circa

258 3018 425 3030 ———-

290 3066 315 3126 1)
333 3064 386 3114 vit.
412 3064 475 3114 Plut.
496 3063 583 3129 dialog.
606 3080 698 3129 argum.
720 3082 744 3130 p.
768 3065 812 3116 alt.
836 3066 928 3115 Inadat
951 3065 1008 3114 haec
1032 3065 1162 3131 Wicgaad,
1187 3067 1270 3131 Symh.

257 3161 319 3211 Crit.
337 3161 362 3209 in
380 3159 442 3211 Plat.
458 3159 504 3224 up.
525 3160 559 3209 11.
577 3176 601 3226 p.
620 3160 659 3210 16.

290 3256 316 3317 2)
334 3254 450 3318 Wicgand
471 3253 497 3303 ll.
515 3270 538 3319 p.
555 3257 579 3303 4.
613 3254 716 3304 Notatur
743 3255 782 3304 hio
805 3256 949 3305 intransitu
967 3272 1032 3305 error
1048 3256 1194 3320 Wiegandii:
1212 3272 1236 3320 p.
1255 3257 1270 3304 6

255 3352 358 3402 affirmat
384 3348 454 3398 verba
476 3364 535 3413 quae
558 3349 887 3415 legunturp.810B,rot
909 3354 1007 3421 φλαῦρόν
1028 3373 1052 3404 τι
1075 3356 1146 3417 λέγειν
1168 3357 1271 3411 ἣπνιεῐν

255 3448 309 3515 περὶ
327 3449 365 3496 σοι
383 3459 514 3503 „consensu
533 3444 607 3493 totius
624 3444 790 3508 antiquitatis'’
808 3446 930 3497 reserenda
948 3463 997 3496 esse
1014 3448 1043 3496 ad
1061 3447 1204 3512 Dionysium
1219 3464 1270 3497 ma·

254 3557 346 3612 iorem,
370 3556 416 3589 non
443 3539 472 3588 ad
496 3537 561 3588 illins
583 3540 675 3600 illium,
698 3545 727 3590 ut
749 3541 776 3590 fit
793 3542 816 3590 iu
834 3543 955 3605 Epistola3
973 3543 1032 3592 citat
1049 3547 1129 3592 autern
1151 3543 1221 3606 Diog.
1238 3543 1267 3591 1.

255 3636 310 3693 111,
336 3635 374 3683 21.
417 3633 490 3698 Atqui
521 3635 583 3699 apud
609 3635 729 3685 Plutarch.
752 3633 823 3688 Dion.
847 3654 867 3686 c.
893 3639 936 3697 lo,
954 3637 1083 3702 Dionysius
1106 3654 1154 3686 non
1178 3643 1264 3702 pater,

256 3732 297 3781 sed
320 3729 398 3789 illias,
424 3728 550 3780 Platonem
573 3747 587 3780 a
605 3732 709 3781 secundo
726 3732 811 3782 itinere
829 3750 949 3783 reversam
967 3738 1019 3783 orat
1033 3738 1129 3802 ἡσυχίαν
1146 3741 1211 3800 ἄγειν
1228 3739 1267 3786 καὶ

254 3827 326 3894 pabit
347 3828 486 3896 νεωτερίζειν
508 3827 568 3892 μηδι
589 3831 734 3896 βλασφημεῖν
755 3827 805 3881 κατ’
825 3833 893 3881 αὐτοῦ
919 3835 975 3900 πρὸς
997 3833 1048 3887 τοὺς
1062 3827 1176 3889 Ἐλληνας.
1213 3831 1266 3878 Hoc

259 3927 286 3971 ut
307 3919 445 3974 caedamus.
465 3925 558 3987 praeter
575 3922 697 3972 Plutarchi
716 3929 739 3973 et
757 3924 877 3989 Epistulae
900 3927 1066 3975 auctoritatam
1093 3925 1176 3974 suadet
1198 3926 1266 3974 nobis

258 4016 381 4081 utriusque
406 4016 514 4083 Dionysii
539 4017 642 4076 indoles,
667 4034 710 4068 acc
728 4019 805 4069 minus
826 4021 912 4070 Laerta
930 4021 1074 4085 negligentia
1095 4021 1265 4070 intolerandis

258 4111 366 4162 Platonis
383 4110 517 4162 itineribus.
