2746 4950
656 364 718 424 215

475 568 492 591 l,

184 568 388 653 sophistarum
419 570 582 650 deaptare,
615 578 649 633 ut
679 570 711 632 in
734 569 899 634 Theaeteto
923 594 952 655 p.
980 574 1041 635 152
1066 571 1110 648 h,
1135 572 1189 636 ubi
1243 563 1245 567 Α

183 688 215 750 in
246 687 459 771 Protagoram·
473 687 568 751 dicit:
604 690 678 753 ταῦθ’
702 692 770 765 ἡμῖν
801 690 853 765 ,aha
880 689 997 771 ᾐνίξατο
1025 695 1065 772 τῷ
1089 695 1188 771 πολλῷ

182 810 333 888 συρφετῷ,
365 814 424 876 τοῖς
451 807 479 870 δὲ
502 808 648 883 μαθηταῖς
672 809 700 871 ἐι
722 808 867 889 ἀπορρήτῳ
890 811 941 882 τὴν
964 776 1101 884 ἀληθειαν
1125 811 1188 874 ἔλε-

183 949 244 1001 γειι.
292 923 339 987 Of.
362 924 437 988 ibid.
461 947 491 1008 p.
519 927 580 987 155
605 925 641 988 Ε.
660 926 704 1009 1)Ἰ

227 1041 308 1126 Ergo
332 1065 410 1126 quae
433 1043 470 1105 de
494 1065 602 1106 arcana
625 1052 654 1107 et
671 1046 882 1121 αἱιιγριαιαδεῖ
896 1045 1033 1109 Platonis
1050 1046 1189 1111 doctriua

181 1161 339 1238 feruntur,
364 1183 399 1224 ea
421 1169 493 1223 sunt
516 1167 685 1224 commenta
709 1162 855 1225 seriorum
871 1161 1116 1241 Platonicorum,
1134 1164 1188 1247 qui

183 1292 218 1342 ut
241 1288 371 1364 augusta
394 1280 525 1362 quadam
548 1268 715 1343 divinitatis
736 1281 835 1365 specie
855 1280 992 1345 Platonis
1009 1283 1187 1367 sapientiam

182 1407 341 1474 ornarent,
373 1399 515 1482 mysteria
544 1398 747 1482 Pythagorica
777 1400 809 1462 iu
840 1399 1034 1463 Academiam
1058 1408 1189 1464 transtu-

181 1515 293 1579 lerunt.
317 1561 319 1565 ‚
847 1522 850 1527 ’

650 1783 720 1866 aa.

326 2047 460 2112 Plutonia
481 2071 555 2134 qaue
563 2050 711 2135 feruntur
733 2047 863 2131 ἄγραφα
885 2050 1036 2126 δόγματα.

483 2169 650 2248 Διαιρέσεις.
686 2169 876 2249 Πυθαγόρεια.

226 2404 420 2489 Quamquam
444 2418 547 2470 autem
570 2413 689 2470 constat
712 2406 871 2470 Platonem
895 2407 1012 2470 nullam
1033 2407 1188 2470 doctrinae

180 2531 296 2610 partem
327 2525 407 2588 intra
434 2525 554 2588 scholae
577 2525 726 2589 cancellos
750 2526 898 2589 reclusam
914 2527 1067 2602 tenuisse,
1085 2547 1188 2589 verum

180 2644 218 2708 de
249 2643 433 2728 gravissimis
465 2643 694 2727 quaestionibus
726 2645 838 2728 placita
868 2666 922 2709 sua
946 2645 1048 2736 palam
1070 2645 1189 2707 enunti-

181 2785 246 2826 asse
274 2769 304 2825 et
326 2761 454 2845 dialogis
479 2761 626 2840 edidisse,
651 2763 826 2826 ferebantur
849 2771 951 2826 tamen
971 2763 1033 2848 jam
1058 2763 1190 2846 antiqui·

180 2889 231 2944 tus
254 2879 392 2942 Platonis
415 2882 546 2960 ι’ὶγραφα
569 2880 718 2963 quaedam
741 2880 899 2959 δόγματα,
923 2880 953 2943 h.
978 2904 1003 2944 e.
1021 2881 1095 2945 talia
1111 2902 1188 2964 quae

182 3005 237 3061 aut
259 3020 310 3061 ore
333 2998 446 3061 tradita
469 3005 522 3061 aut
544 2999 577 3061 in
593 2998 815 3062 commentariis
830 3006 936 3089 notata
952 3022 1013 3063 non
1030 3000 1062 3063 iu
1078 2999 1187 3084 vulgus

181 3117 261 3181 elata
285 3124 401 3194 essent,
426 3117 479 3180 sed
502 3116 700 3181 familiaribus
730 3126 851 3182 tantum
873 3120 1020 3203 paterent.
1057 3119 1188 3183 Adhuc

181 3258 278 3320 genus
303 3244 440 3320 spectant
464 3258 540 3320 quae
565 3227 710 3321 leguntur
731 3236 828 3321 Epist.
846 3236 926 3315 VH,
944 3261 974 3323 p.
992 3241 1057 3301 344
1073 3237 1117 3316 E,
1134 3239 1188 3303 ubi

181 3356 325 3441 scriptor,
357 3354 578 3439 reprehendens
603 3355 785 3440 Dionysium
802 3356 884 3439 quod
900 3356 1110 3441 philosophiae
1128 3355 1189 3441 pla-

181 3476 241 3540 cita
264 3474 426 3553 edidisset,
449 3475 523 3538 haec
547 3474 637 3538 dicit:
658 3475 802 3555 οὔτεγὰρ
823 3476 1084 3552 ὑπομνημάτων
1100 3476 1187 3556 χάριν

181 3595 249 3660 αὕτ’
272 3594 419 3674 ἔγραψεν·
440 3594 514 3659 οὐδὲν
535 3595 593 3674 γαρ
621 3595 705 3658 δειιὸιι
724 3594 767 3672 μή
786 3619 830 3665 τις
848 3593 915 3659 αὕτ’
930 3595 1104 3669 ἐπιλάθηται
1110 3644 1119 3676 ,
1137 3595 1187 3659 εἀι

181 3712 267 3790 teat
285 3723 321 3797 τῇ
341 3722 427 3795 ψυχῇ
444 3714 606 3795 περιλάβῃ·
619 3712 735 3778 παντων
747 3716 806 3792 γαρ
818 3715 847 3777 ἕν’
862 3713 1065 3794 βραχυτάταις
1081 3722 1185 3779 κεῖται.

216 4064 241 4122 1)
259 4063 347 4112 Mirum
364 4060 483 4127 quomodo
501 4062 696 4125 Wytteubachius
712 4061 740 4110 ad
767 4060 856 4110 Phaed.
875 4077 898 4125 p.
919 4058 964 4111 137
982 4059 1041 4108 haec
1059 4058 1131 4109 verba
1151 4059 1186 4108 ita

183 4159 288 4222 accipere
306 4158 425 4225 potuerit,
443 4158 510 4224 quasi
526 4159 596 4208 Plato
613 4158 659 4223 ipsi
677 4158 768 4208 Socrati
786 4159 910 4226 ἀπόρρητα
927 4154 1041 4220 quaedam
1059 4156 1158 4204 tribuat.
