<?xml version="1.0" encoding="UTF-8"?>
<!DOCTYPE html PUBLIC "-//W3C//DTD XHTML 1.0 Transitional//EN"
    "http://www.w3.org/TR/xhtml1/DTD/xhtml1-transitional.dtd">
<html xmlns="http://www.w3.org/1999/xhtml" xml:lang="en" lang="en">
 <head>
  <title>
</title>
<meta http-equiv="Content-Type" content="text/html;charset=utf-8" />
  <meta name='ocr-system' content='tesseract 3.04.00' />
  <meta name='ocr-capabilities' content='ocr_page ocr_carea ocr_par ocr_line ocrx_word'/>
</head>
<body>
  <div class='ocr_page' id='page_1' title='image "./commentatiocrit00karsgoog_0289.png"; bbox 0 0 2746 4950; ppageno 0'>
   <div class='ocr_carea' id='block_1_1' title="bbox 654 335 717 395">
    <p class='ocr_par' dir='ltr' id='par_1_1' title="bbox 654 335 717 395">
     <span class='ocr_line' id='line_1_1' title="bbox 654 335 717 395; baseline 0 -1"><span class='ocrx_word' id='word_1_1' title='bbox 654 335 717 395; x_wconf 79' lang='lat'><strong>238</strong></span> 
     </span>
    </p>
   </div>
   <div class='ocr_carea' id='block_1_2' title="bbox 92 538 1200 2408">
    <p class='ocr_par' dir='ltr' id='par_1_2' title="bbox 92 538 1200 1215">
     <span class='ocr_line' id='line_1_2' title="bbox 185 538 1200 626; baseline 0.005 -24"><span class='ocrx_word' id='word_1_2' title='bbox 185 546 215 602; x_wconf 91' lang='lat' dir='ltr'><strong>et</strong></span> <span class='ocrx_word' id='word_1_3' title='bbox 245 539 400 605; x_wconf 88' lang='lat' dir='ltr'><strong>lasciviam</strong></span> <span class='ocrx_word' id='word_1_4' title='bbox 431 540 542 626; x_wconf 90' lang='lat' dir='ltr'><strong>objecit</strong></span> <span class='ocrx_word' id='word_1_5' title='bbox 572 539 684 623; x_wconf 73' lang='lat' dir='ltr'><strong>(baert</strong></span> <span class='ocrx_word' id='word_1_6' title='bbox 718 538 779 605; x_wconf 91' lang='grc' dir='ltr'><strong>ΙΠ.</strong></span> <span class='ocrx_word' id='word_1_7' title='bbox 806 542 912 626; x_wconf 55' lang='lat' dir='ltr'><strong>Mt).</strong></span> <span class='ocrx_word' id='word_1_8' title='bbox 960 539 1073 622; x_wconf 81' lang='lat' dir='ltr'><strong>Quam</strong></span> <span class='ocrx_word' id='word_1_9' title='bbox 1096 543 1200 608; x_wconf 83' lang='lat' dir='ltr'><strong>acerbe</strong></span> 
     </span>
     <span class='ocr_line' id='line_1_3' title="bbox 102 637 1196 746; baseline 0.003 -23"><span class='ocrx_word' id='word_1_10' title='bbox 102 637 118 699; x_wconf 25' lang='lat'><strong>,⁸</strong></span> <span class='ocrx_word' id='word_1_11' title='bbox 185 666 288 724; x_wconf 87' lang='lat' dir='ltr'><strong>autem</strong></span> <span class='ocrx_word' id='word_1_12' title='bbox 310 659 508 726; x_wconf 80' lang='lat' dir='ltr'><strong>Antisthenes</strong></span> <span class='ocrx_word' id='word_1_13' title='bbox 532 660 560 724; x_wconf 92' lang='lat' dir='ltr'><strong>ei</strong></span> <span class='ocrx_word' id='word_1_14' title='bbox 582 659 785 738; x_wconf 79' lang='lat' dir='ltr'><strong>maledixerit,</strong></span> <span class='ocrx_word' id='word_1_15' title='bbox 811 660 930 725; x_wconf 84' lang='lat' dir='ltr'><strong>abunde</strong></span> <span class='ocrx_word' id='word_1_16' title='bbox 954 669 1046 746; x_wconf 89' lang='lat' dir='ltr'><strong>patet</strong></span> <span class='ocrx_word' id='word_1_17' title='bbox 1062 686 1079 727; x_wconf 95' lang='grc'><strong>1</strong></span> <span class='ocrx_word' id='word_1_18' title='bbox 1095 663 1196 728; x_wconf 89' lang='lat' dir='ltr'><strong>libello</strong></span> 
     </span>
     <span class='ocr_line' id='line_1_4' title="bbox 184 777 1194 866; baseline 0.004 -25"><span class='ocrx_word' id='word_1_19' title='bbox 184 800 276 861; x_wconf 88' lang='lat' dir='ltr'><strong>quem</strong></span> <span class='ocrx_word' id='word_1_20' title='bbox 308 777 341 842; x_wconf 93' lang='lat' dir='ltr'><strong>in</strong></span> <span class='ocrx_word' id='word_1_21' title='bbox 370 801 441 843; x_wconf 91' lang='lat' dir='ltr'><strong>eum</strong></span> <span class='ocrx_word' id='word_1_22' title='bbox 463 779 601 864; x_wconf 87' lang='lat' dir='ltr'><strong>scripsit,</strong></span> <span class='ocrx_word' id='word_1_23' title='bbox 626 779 1047 858; x_wconf 76' lang='grc' dir='ltr'><strong>111111111111111Σοιίώυ,</strong></span> <span class='ocrx_word' id='word_1_24' title='bbox 1072 781 1194 866; x_wconf 89' lang='lat' dir='ltr'><strong>parodia</strong></span> 
     </span>
     <span class='ocr_line' id='line_1_5' title="bbox 183 896 1191 985; baseline 0.003 -24"><span class='ocrx_word' id='word_1_25' title='bbox 183 897 314 962; x_wconf 91' lang='lat' dir='ltr'><strong>nominis</strong></span> <span class='ocrx_word' id='word_1_26' title='bbox 345 896 470 964; x_wconf 77' lang='grc' dir='ltr'><strong><em>Πλοίτον</em></strong></span> <span class='ocrx_word' id='word_1_27' title='bbox 497 899 526 982; x_wconf 87' lang='grc'><strong>(1</strong></span> <span class='ocrx_word' id='word_1_28' title='bbox 557 897 644 976; x_wconf 72' lang='lat' dir='ltr'><strong>cotta,</strong></span> <span class='ocrx_word' id='word_1_29' title='bbox 677 900 828 962; x_wconf 78' lang='lat' dir='ltr'><strong>membrum</strong></span> <span class='ocrx_word' id='word_1_30' title='bbox 850 898 965 979; x_wconf 69' lang='lat' dir='ltr'><strong>arete),</strong></span> <span class='ocrx_word' id='word_1_31' title='bbox 990 921 1058 984; x_wconf 91' lang='lat' dir='ltr'><strong>quo</strong></span> <span class='ocrx_word' id='word_1_32' title='bbox 1082 901 1191 985; x_wconf 81' lang='lat' dir='ltr'><strong>signifi·</strong></span> 
     </span>
     <span class='ocr_line' id='line_1_6' title="bbox 92 1015 1189 1107; baseline 0.005 -28"><span class='ocrx_word' id='word_1_33' title='bbox 92 1103 94 1107; x_wconf 38' lang='lat'><strong>.</strong></span> <span class='ocrx_word' id='word_1_34' title='bbox 182 1023 270 1080; x_wconf 88' lang='lat' dir='ltr'><strong>catur</strong></span> <span class='ocrx_word' id='word_1_35' title='bbox 293 1016 384 1080; x_wconf 90' lang='lat' dir='ltr'><strong>homo</strong></span> <span class='ocrx_word' id='word_1_36' title='bbox 406 1015 523 1094; x_wconf 91' lang='lat' dir='ltr'><strong>mollis,</strong></span> <span class='ocrx_word' id='word_1_37' title='bbox 548 1039 710 1094; x_wconf 85' lang='lat' dir='ltr'><strong>venereus,</strong></span> <span class='ocrx_word' id='word_1_38' title='bbox 734 1016 926 1082; x_wconf 88' lang='lat' dir='ltr'><strong>libidinosus.</strong></span> <span class='ocrx_word' id='word_1_39' title='bbox 942 1019 966 1103; x_wconf 86' lang='lat'><strong>¹)</strong></span> <span class='ocrx_word' id='word_1_40' title='bbox 989 1020 1189 1085; x_wconf 86' lang='lat' dir='ltr'><strong>Antisthenes</strong></span> 
     </span>
     <span class='ocr_line' id='line_1_7' title="bbox 182 1133 800 1215; baseline 0.01 -18"><span class='ocrx_word' id='word_1_41' title='bbox 182 1157 200 1197; x_wconf 94' lang='lat' dir='ltr'><strong>a</strong></span> <span class='ocrx_word' id='word_1_42' title='bbox 222 1133 349 1213; x_wconf 86' lang='lat' dir='ltr'><strong>Platone</strong></span> <span class='ocrx_word' id='word_1_43' title='bbox 371 1141 495 1198; x_wconf 90' lang='lat' dir='ltr'><strong>notatus</strong></span> <span class='ocrx_word' id='word_1_44' title='bbox 519 1142 564 1198; x_wconf 89' lang='lat' dir='ltr'><strong>est</strong></span> <span class='ocrx_word' id='word_1_45' title='bbox 588 1143 624 1199; x_wconf 91' lang='lat' dir='ltr'><strong>ut</strong></span> <span class='ocrx_word' id='word_1_46' title='bbox 645 1136 800 1215; x_wconf 65' lang='lat' dir='ltr'><strong>curantr.</strong></span> 
     </span>
    </p>

    <p class='ocr_par' dir='ltr' id='par_1_3' title="bbox 178 1253 1189 2408">
     <span class='ocr_line' id='line_1_8' title="bbox 228 1253 1187 1344; baseline 0.005 -28"><span class='ocrx_word' id='word_1_47' title='bbox 228 1253 389 1317; x_wconf 86' lang='lat' dir='ltr'><strong>Accedunt</strong></span> <span class='ocrx_word' id='word_1_48' title='bbox 414 1253 462 1317; x_wconf 92' lang='lat' dir='ltr'><strong>his</strong></span> <span class='ocrx_word' id='word_1_49' title='bbox 489 1253 686 1317; x_wconf 79' lang='lat' dir='ltr'><strong>historiarum</strong></span> <span class='ocrx_word' id='word_1_50' title='bbox 712 1254 889 1339; x_wconf 88' lang='lat' dir='ltr'><strong>scriptores,</strong></span> <span class='ocrx_word' id='word_1_51' title='bbox 914 1276 1050 1339; x_wconf 89' lang='lat' dir='ltr'><strong>quorum</strong></span> <span class='ocrx_word' id='word_1_52' title='bbox 1076 1257 1187 1344; x_wconf 87' lang='lat' dir='ltr'><strong>primus</strong></span> 
     </span>
     <span class='ocr_line' id='line_1_9' title="bbox 182 1371 1186 1460; baseline 0.004 -24"><span class='ocrx_word' id='word_1_53' title='bbox 182 1371 395 1436; x_wconf 88' lang='lat' dir='ltr'><strong>memorandus</strong></span> <span class='ocrx_word' id='word_1_54' title='bbox 414 1371 582 1450; x_wconf 89' lang='lat' dir='ltr'><strong>Philistus,</strong></span> <span class='ocrx_word' id='word_1_55' title='bbox 608 1395 669 1436; x_wconf 91' lang='lat' dir='ltr'><strong>nou</strong></span> <span class='ocrx_word' id='word_1_56' title='bbox 692 1373 789 1457; x_wconf 86' lang='lat' dir='ltr'><strong>magis</strong></span> <span class='ocrx_word' id='word_1_57' title='bbox 811 1372 934 1458; x_wconf 86' lang='lat' dir='ltr'><strong>tyranni</strong></span> <span class='ocrx_word' id='word_1_58' title='bbox 957 1375 1076 1439; x_wconf 90' lang='lat' dir='ltr'><strong>amicus</strong></span> <span class='ocrx_word' id='word_1_59' title='bbox 1099 1398 1186 1460; x_wconf 88' lang='lat' dir='ltr'><strong>quarn</strong></span> 
     </span>
     <span class='ocr_line' id='line_1_10' title="bbox 181 1490 1187 1578; baseline 0.004 -25"><span class='ocrx_word' id='word_1_60' title='bbox 181 1490 368 1575; x_wconf 82' lang='lat' dir='ltr'><strong>tyrannidis,</strong></span> <span class='ocrx_word' id='word_1_61' title='bbox 392 1492 447 1575; x_wconf 94' lang='lat' dir='ltr'><strong>qui</strong></span> <span class='ocrx_word' id='word_1_62' title='bbox 469 1491 502 1555; x_wconf 92' lang='lat' dir='ltr'><strong>in</strong></span> <span class='ocrx_word' id='word_1_63' title='bbox 524 1491 623 1576; x_wconf 82' lang='lat' dir='ltr'><strong>Epist.</strong></span> <span class='ocrx_word' id='word_1_64' title='bbox 647 1490 700 1556; x_wconf 89' lang='grc' dir='ltr'><strong>ΠΙ</strong></span> <span class='ocrx_word' id='word_1_65' title='bbox 707 1541 716 1570; x_wconf 94' lang='grc'><strong>,</strong></span> <span class='ocrx_word' id='word_1_66' title='bbox 746 1514 777 1576; x_wconf 90' lang='lat' dir='ltr'><strong>p.</strong></span> <span class='ocrx_word' id='word_1_67' title='bbox 802 1495 865 1556; x_wconf 82' lang='lat'><strong>315</strong></span> <span class='ocrx_word' id='word_1_68' title='bbox 889 1491 934 1570; x_wconf 81' lang='lat' dir='ltr'><strong>E,</strong></span> <span class='ocrx_word' id='word_1_69' title='bbox 959 1500 990 1557; x_wconf 89' lang='lat' dir='ltr'><strong>et</strong></span> <span class='ocrx_word' id='word_1_70' title='bbox 1012 1492 1100 1578; x_wconf 90' lang='lat' dir='ltr'><strong>apud</strong></span> <span class='ocrx_word' id='word_1_71' title='bbox 1122 1493 1187 1557; x_wconf 93' lang='lat' dir='ltr'><strong>Plu·</strong></span> 
     </span>
     <span class='ocr_line' id='line_1_11' title="bbox 180 1610 1187 1698; baseline 0.004 -25"><span class='ocrx_word' id='word_1_72' title='bbox 180 1611 276 1674; x_wconf 89' lang='lat' dir='ltr'><strong>tarch.</strong></span> <span class='ocrx_word' id='word_1_73' title='bbox 308 1610 399 1675; x_wconf 87' lang='lat' dir='ltr'><strong>Dion.</strong></span> <span class='ocrx_word' id='word_1_74' title='bbox 423 1633 489 1695; x_wconf 92' lang='lat' dir='ltr'><strong>cap.</strong></span> <span class='ocrx_word' id='word_1_75' title='bbox 516 1614 574 1688; x_wconf 93' lang='grc'><strong>11,</strong></span> <span class='ocrx_word' id='word_1_76' title='bbox 601 1614 641 1675; x_wconf 88' lang='grc'><strong>13</strong></span> <span class='ocrx_word' id='word_1_77' title='bbox 666 1618 697 1675; x_wconf 91' lang='grc'><strong>11</strong></span> <span class='ocrx_word' id='word_1_78' title='bbox 729 1614 787 1689; x_wconf 88' lang='grc'><strong>19,</strong></span> <span class='ocrx_word' id='word_1_79' title='bbox 804 1618 929 1676; x_wconf 88' lang='lat' dir='ltr'><strong>notatur</strong></span> <span class='ocrx_word' id='word_1_80' title='bbox 944 1619 1095 1696; x_wconf 87' lang='lat' dir='ltr'><strong>tanquam</strong></span> <span class='ocrx_word' id='word_1_81' title='bbox 1111 1613 1187 1698; x_wconf 92' lang='lat' dir='ltr'><strong>prin·</strong></span> 
     </span>
     <span class='ocr_line' id='line_1_12' title="bbox 180 1730 1188 1818; baseline 0.003 -25"><span class='ocrx_word' id='word_1_82' title='bbox 180 1752 250 1815; x_wconf 90' lang='lat' dir='ltr'><strong>ceps</strong></span> <span class='ocrx_word' id='word_1_83' title='bbox 282 1753 386 1795; x_wconf 89' lang='lat' dir='ltr'><strong>eornm</strong></span> <span class='ocrx_word' id='word_1_84' title='bbox 417 1752 548 1814; x_wconf 92' lang='lat' dir='ltr'><strong>quorum</strong></span> <span class='ocrx_word' id='word_1_85' title='bbox 576 1731 852 1795; x_wconf 79' lang='lat' dir='ltr'><strong>machinationibus</strong></span> <span class='ocrx_word' id='word_1_86' title='bbox 875 1730 964 1795; x_wconf 90' lang='lat' dir='ltr'><strong>Plato</strong></span> <span class='ocrx_word' id='word_1_87' title='bbox 992 1732 1026 1795; x_wconf 90' lang='lat' dir='ltr'><strong>in</strong></span> <span class='ocrx_word' id='word_1_88' title='bbox 1050 1733 1188 1818; x_wconf 77' lang='lat' dir='ltr'><strong>Dionysii</strong></span> 
     </span>
     <span class='ocr_line' id='line_1_13' title="bbox 181 1849 1189 1935; baseline 0.004 -23"><span class='ocrx_word' id='word_1_89' title='bbox 181 1849 325 1913; x_wconf 86' lang='lat' dir='ltr'><strong>invidiam</strong></span> <span class='ocrx_word' id='word_1_90' title='bbox 349 1849 496 1913; x_wconf 89' lang='lat' dir='ltr'><strong>inductus</strong></span> <span class='ocrx_word' id='word_1_91' title='bbox 520 1857 608 1914; x_wconf 87' lang='lat' dir='ltr'><strong>esset.</strong></span> <span class='ocrx_word' id='word_1_92' title='bbox 636 1849 740 1935; x_wconf 89' lang='lat' dir='ltr'><strong>Nepos</strong></span> <span class='ocrx_word' id='word_1_93' title='bbox 764 1850 867 1934; x_wconf 85' lang='lat' dir='ltr'><strong>(Dion.</strong></span> <span class='ocrx_word' id='word_1_94' title='bbox 891 1873 918 1915; x_wconf 91' lang='lat' dir='ltr'><strong>c.</strong></span> <span class='ocrx_word' id='word_1_95' title='bbox 943 1853 976 1935; x_wconf 88' lang='lat'><strong>3)</strong></span> <span class='ocrx_word' id='word_1_96' title='bbox 992 1850 1031 1914; x_wconf 89' lang='lat' dir='ltr'><strong>de</strong></span> <span class='ocrx_word' id='word_1_97' title='bbox 1046 1851 1103 1916; x_wconf 90' lang='lat' dir='ltr'><strong>illo</strong></span> <span class='ocrx_word' id='word_1_98' title='bbox 1118 1853 1189 1916; x_wconf 86' lang='lat' dir='ltr'><strong>haec</strong></span> 
     </span>
     <span class='ocr_line' id='line_1_14' title="bbox 182 1967 1188 2054; baseline 0.002 -22"><span class='ocrx_word' id='word_1_99' title='bbox 182 1969 307 2033; x_wconf 87' lang='lat' dir='ltr'><strong>scribit:</strong></span> <span class='ocrx_word' id='word_1_100' title='bbox 334 1967 444 2053; x_wconf 80' lang='lat' dir='ltr'><strong>„Plato</strong></span> <span class='ocrx_word' id='word_1_101' title='bbox 468 1975 570 2032; x_wconf 88' lang='lat' dir='ltr'><strong>autem</strong></span> <span class='ocrx_word' id='word_1_102' title='bbox 593 1975 714 2032; x_wconf 89' lang='lat' dir='ltr'><strong>tantum</strong></span> <span class='ocrx_word' id='word_1_103' title='bbox 744 1968 826 2053; x_wconf 86' lang='lat' dir='ltr'><strong>apud</strong></span> <span class='ocrx_word' id='word_1_104' title='bbox 850 1969 1033 2054; x_wconf 86' lang='lat' dir='ltr'><strong>Dionysium</strong></span> <span class='ocrx_word' id='word_1_105' title='bbox 1059 1971 1188 2034; x_wconf 86' lang='lat' dir='ltr'><strong>auctori·</strong></span> 
     </span>
     <span class='ocr_line' id='line_1_15' title="bbox 180 2084 1189 2175; baseline 0.003 -24"><span class='ocrx_word' id='word_1_106' title='bbox 180 2095 243 2152; x_wconf 90' lang='lat' dir='ltr'><strong>tate</strong></span> <span class='ocrx_word' id='word_1_107' title='bbox 274 2087 376 2172; x_wconf 89' lang='lat' dir='ltr'><strong>potuit</strong></span> <span class='ocrx_word' id='word_1_108' title='bbox 406 2084 564 2171; x_wconf 87' lang='lat' dir='ltr'><strong>valuitque</strong></span> <span class='ocrx_word' id='word_1_109' title='bbox 592 2087 781 2171; x_wconf 86' lang='lat' dir='ltr'><strong>eloquentia,</strong></span> <span class='ocrx_word' id='word_1_110' title='bbox 814 2095 849 2151; x_wconf 95' lang='lat' dir='ltr'><strong>ut</strong></span> <span class='ocrx_word' id='word_1_111' title='bbox 879 2088 907 2151; x_wconf 91' lang='lat' dir='ltr'><strong>ei</strong></span> <span class='ocrx_word' id='word_1_112' title='bbox 936 2090 1126 2173; x_wconf 89' lang='lat' dir='ltr'><strong>persuaserit</strong></span> <span class='ocrx_word' id='word_1_113' title='bbox 1148 2096 1189 2175; x_wconf 88' lang='lat' dir='ltr'><strong>ty·</strong></span> 
     </span>
     <span class='ocr_line' id='line_1_16' title="bbox 178 2206 1189 2293; baseline 0.003 -23"><span class='ocrx_word' id='word_1_114' title='bbox 178 2206 315 2270; x_wconf 81' lang='lat' dir='ltr'><strong>renuidis</strong></span> <span class='ocrx_word' id='word_1_115' title='bbox 353 2208 450 2270; x_wconf 82' lang='lat' dir='ltr'><strong>facere</strong></span> <span class='ocrx_word' id='word_1_116' title='bbox 487 2207 578 2271; x_wconf 90' lang='lat' dir='ltr'><strong>finem</strong></span> <span class='ocrx_word' id='word_1_117' title='bbox 609 2206 841 2290; x_wconf 88' lang='lat' dir='ltr'><strong>libertatemque</strong></span> <span class='ocrx_word' id='word_1_118' title='bbox 871 2206 997 2270; x_wconf 88' lang='lat' dir='ltr'><strong>reddere</strong></span> <span class='ocrx_word' id='word_1_119' title='bbox 1027 2207 1189 2293; x_wconf 78' lang='lat' dir='ltr'><strong>Syracusa·</strong></span> 
     </span>
     <span class='ocr_line' id='line_1_17' title="bbox 179 2324 1189 2408; baseline 0.003 -20"><span class='ocrx_word' id='word_1_120' title='bbox 179 2325 247 2388; x_wconf 86' lang='lat' dir='ltr'><strong>nis:</strong></span> <span class='ocrx_word' id='word_1_121' title='bbox 279 2347 296 2387; x_wconf 91' lang='lat' dir='ltr'><strong>a</strong></span> <span class='ocrx_word' id='word_1_122' title='bbox 327 2347 387 2408; x_wconf 88' lang='lat' dir='ltr'><strong>qua</strong></span> <span class='ocrx_word' id='word_1_123' title='bbox 417 2324 574 2388; x_wconf 87' lang='lat' dir='ltr'><strong>voluntate</strong></span> <span class='ocrx_word' id='word_1_124' title='bbox 602 2324 725 2388; x_wconf 89' lang='lat' dir='ltr'><strong>Philisti</strong></span> <span class='ocrx_word' id='word_1_125' title='bbox 756 2325 883 2388; x_wconf 88' lang='lat' dir='ltr'><strong>consilio</strong></span> <span class='ocrx_word' id='word_1_126' title='bbox 913 2324 1081 2389; x_wconf 90' lang='lat' dir='ltr'><strong>deterritus</strong></span> <span class='ocrx_word' id='word_1_127' title='bbox 1113 2327 1189 2391; x_wconf 87' lang='lat' dir='ltr'><strong>est.&#39;&#39;</strong></span> 
     </span>
    </p>
   </div>
   <div class='ocr_carea' id='block_1_3' title="bbox 178 2443 1188 2528">
    <p class='ocr_par' dir='ltr' id='par_1_4' title="bbox 178 2443 1188 2528">
     <span class='ocr_line' id='line_1_18' title="bbox 178 2443 1188 2528; baseline 0.003 -21"><span class='ocrx_word' id='word_1_128' title='bbox 178 2444 251 2508; x_wconf 90' lang='lat' dir='ltr'><strong>Non</strong></span> <span class='ocrx_word' id='word_1_129' title='bbox 280 2444 390 2507; x_wconf 89' lang='lat' dir='ltr'><strong>mirum</strong></span> <span class='ocrx_word' id='word_1_130' title='bbox 433 2443 460 2506; x_wconf 87' lang='lat' dir='ltr'><strong>si</strong></span> <span class='ocrx_word' id='word_1_131' title='bbox 493 2443 542 2506; x_wconf 89' lang='lat' dir='ltr'><strong>hic</strong></span> <span class='ocrx_word' id='word_1_132' title='bbox 576 2451 682 2527; x_wconf 87' lang='lat' dir='ltr'><strong>postea</strong></span> <span class='ocrx_word' id='word_1_133' title='bbox 714 2466 770 2507; x_wconf 87' lang='lat' dir='ltr'><strong>sua</strong></span> <span class='ocrx_word' id='word_1_134' title='bbox 803 2451 926 2528; x_wconf 85' lang='lat' dir='ltr'><strong>peccata</strong></span> <span class='ocrx_word' id='word_1_135' title='bbox 958 2445 992 2507; x_wconf 94' lang='lat' dir='ltr'><strong>in</strong></span> <span class='ocrx_word' id='word_1_136' title='bbox 1025 2443 1188 2510; x_wconf 89' lang='lat' dir='ltr'><strong>Platonem</strong></span> 
     </span>
    </p>
   </div>
   <div class='ocr_carea' id='block_1_4' title="bbox 179 2563 1189 2648">
    <p class='ocr_par' dir='ltr' id='par_1_5' title="bbox 179 2563 1189 2648">
     <span class='ocr_line' id='line_1_19' title="bbox 179 2563 1189 2648; baseline 0 -19"><span class='ocrx_word' id='word_1_137' title='bbox 179 2565 357 2642; x_wconf 90' lang='lat' dir='ltr'><strong>transtulit,</strong></span> <span class='ocrx_word' id='word_1_138' title='bbox 397 2564 555 2628; x_wconf 90' lang='lat' dir='ltr'><strong>scribendo</strong></span> <span class='ocrx_word' id='word_1_139' title='bbox 592 2563 674 2648; x_wconf 90' lang='lat' dir='ltr'><strong>quod</strong></span> <span class='ocrx_word' id='word_1_140' title='bbox 709 2564 761 2628; x_wconf 89' lang='lat' dir='ltr'><strong>ille</strong></span> <span class='ocrx_word' id='word_1_141' title='bbox 799 2564 947 2648; x_wconf 88' lang='lat' dir='ltr'><strong>Dionysio</strong></span> <span class='ocrx_word' id='word_1_142' title='bbox 991 2563 1189 2630; x_wconf 87' lang='lat' dir='ltr'><strong>dissuasisset</strong></span> 
     </span>
    </p>
   </div>
   <div class='ocr_carea' id='block_1_5' title="bbox 64 2682 1188 2765">
    <p class='ocr_par' dir='ltr' id='par_1_6' title="bbox 64 2682 1188 2765">
     <span class='ocr_line' id='line_1_20' title="bbox 64 2682 1188 2765; baseline 0.002 -17"><span class='ocrx_word' id='word_1_143' title='bbox 64 2735 65 2738; x_wconf 20' lang='lat'>¹</span> <span class='ocrx_word' id='word_1_144' title='bbox 179 2682 384 2764; x_wconf 80' lang='grc' dir='ltr'><strong><em>Συο1κουοίους</em></strong></span> <span class='ocrx_word' id='word_1_145' title='bbox 419 2682 622 2765; x_wconf 60' lang='lat' dir='ltr'><strong>sarcocolam,</strong></span> <span class='ocrx_word' id='word_1_146' title='bbox 655 2683 707 2756; x_wconf 71' lang='lat' dir='ltr'><strong>chr</strong></span> <span class='ocrx_word' id='word_1_147' title='bbox 737 2683 831 2763; x_wconf 65' lang='grc' dir='ltr'><em>ἀρχὴν</em></span> <span class='ocrx_word' id='word_1_148' title='bbox 864 2682 929 2747; x_wconf 75' lang='lat' dir='ltr'><strong>cirri</strong></span> <span class='ocrx_word' id='word_1_149' title='bbox 962 2683 1126 2758; x_wconf 74' lang='grc' dir='ltr'><strong><em>τυραννίδος</em></strong></span> <span class='ocrx_word' id='word_1_150' title='bbox 1149 2687 1188 2757; x_wconf 82' lang='grc' dir='ltr'><strong>εἷς</strong></span> 
     </span>
    </p>
   </div>
   <div class='ocr_carea' id='block_1_6' title="bbox 177 2801 1188 3713">
    <p class='ocr_par' dir='ltr' id='par_1_7' title="bbox 177 2801 1188 3713">
     <span class='ocr_line' id='line_1_21' title="bbox 177 2801 1187 2886; baseline 0.003 -21"><span class='ocrx_word' id='word_1_151' title='bbox 177 2802 334 2879; x_wconf 73' lang='grc' dir='ltr'><strong><em>βασιλείου</em></strong></span> <span class='ocrx_word' id='word_1_152' title='bbox 368 2802 618 2879; x_wconf 59' lang='lat' dir='ltr'><strong>permortuam:</strong></span> <span class='ocrx_word' id='word_1_153' title='bbox 652 2825 669 2866; x_wconf 87' lang='lat' dir='ltr'><strong>a</strong></span> <span class='ocrx_word' id='word_1_154' title='bbox 703 2824 764 2886; x_wconf 93' lang='lat' dir='ltr'><strong>quo</strong></span> <span class='ocrx_word' id='word_1_155' title='bbox 799 2802 924 2865; x_wconf 85' lang='lat' dir='ltr'><strong>crimine</strong></span> <span class='ocrx_word' id='word_1_156' title='bbox 947 2801 1126 2868; x_wconf 87' lang='lat' dir='ltr'><strong>defenditur</strong></span> <span class='ocrx_word' id='word_1_157' title='bbox 1157 2805 1187 2868; x_wconf 87' lang='lat' dir='ltr'><strong>in</strong></span> 
     </span>
     <span class='ocr_line' id='line_1_22' title="bbox 177 2919 1188 3006; baseline 0.002 -22"><span class='ocrx_word' id='word_1_158' title='bbox 177 2921 234 3006; x_wconf 80' lang='lat' dir='ltr'><strong>Ep.</strong></span> <span class='ocrx_word' id='word_1_159' title='bbox 248 2921 317 2999; x_wconf 89' lang='grc'><strong>111,</strong></span> <span class='ocrx_word' id='word_1_160' title='bbox 330 2945 360 3006; x_wconf 90' lang='lat' dir='ltr'><strong>p.</strong></span> <span class='ocrx_word' id='word_1_161' title='bbox 378 2923 441 2984; x_wconf 82' lang='lat'><strong>315</strong></span> <span class='ocrx_word' id='word_1_162' title='bbox 460 2921 505 2998; x_wconf 91' lang='lat' dir='ltr'><strong>D,</strong></span> <span class='ocrx_word' id='word_1_163' title='bbox 531 2924 594 2985; x_wconf 87' lang='grc'><strong>319</strong></span> <span class='ocrx_word' id='word_1_164' title='bbox 613 2923 650 2985; x_wconf 92' lang='lat' dir='ltr'><strong>A.</strong></span> <span class='ocrx_word' id='word_1_165' title='bbox 676 2919 828 2985; x_wconf 78' lang='lat' dir='ltr'><strong>Credibile</strong></span> <span class='ocrx_word' id='word_1_166' title='bbox 849 2943 920 2984; x_wconf 91' lang='lat' dir='ltr'><strong>saue</strong></span> <span class='ocrx_word' id='word_1_167' title='bbox 943 2921 1026 2985; x_wconf 94' lang='lat' dir='ltr'><strong>hunc</strong></span> <span class='ocrx_word' id='word_1_168' title='bbox 1041 2922 1076 2985; x_wconf 92' lang='lat' dir='ltr'><strong>in</strong></span> <span class='ocrx_word' id='word_1_169' title='bbox 1093 2923 1188 2986; x_wconf 89' lang='lat' dir='ltr'><strong>histo·</strong></span> 
     </span>
     <span class='ocr_line' id='line_1_23' title="bbox 177 3039 1186 3126; baseline 0.003 -23"><span class='ocrx_word' id='word_1_170' title='bbox 177 3041 222 3103; x_wconf 90' lang='lat' dir='ltr'><strong>ria</strong></span> <span class='ocrx_word' id='word_1_171' title='bbox 252 3063 343 3123; x_wconf 88' lang='lat' dir='ltr'><strong>quam</strong></span> <span class='ocrx_word' id='word_1_172' title='bbox 375 3041 496 3126; x_wconf 90' lang='lat' dir='ltr'><strong>scripsit</strong></span> <span class='ocrx_word' id='word_1_173' title='bbox 525 3040 649 3103; x_wconf 90' lang='lat' dir='ltr'><strong>illorum</strong></span> <span class='ocrx_word' id='word_1_174' title='bbox 680 3047 869 3124; x_wconf 89' lang='lat' dir='ltr'><strong>temporum,</strong></span> <span class='ocrx_word' id='word_1_175' title='bbox 885 3039 930 3103; x_wconf 91' lang='lat' dir='ltr'><strong>de</strong></span> <span class='ocrx_word' id='word_1_176' title='bbox 954 3040 1093 3104; x_wconf 86' lang='lat' dir='ltr'><strong>Platonis</strong></span> <span class='ocrx_word' id='word_1_177' title='bbox 1117 3064 1186 3106; x_wconf 91' lang='lat' dir='ltr'><strong>cnm</strong></span> 
     </span>
     <span class='ocr_line' id='line_1_24' title="bbox 177 3158 1107 3244; baseline 0 -21"><span class='ocrx_word' id='word_1_178' title='bbox 177 3160 325 3243; x_wconf 87' lang='lat' dir='ltr'><strong>Dionysio</strong></span> <span class='ocrx_word' id='word_1_179' title='bbox 349 3159 527 3224; x_wconf 90' lang='lat' dir='ltr'><strong>commercio</strong></span> <span class='ocrx_word' id='word_1_180' title='bbox 551 3182 659 3244; x_wconf 90' lang='lat' dir='ltr'><strong>parum</strong></span> <span class='ocrx_word' id='word_1_181' title='bbox 683 3158 845 3223; x_wconf 89' lang='lat' dir='ltr'><strong>honorifice</strong></span> <span class='ocrx_word' id='word_1_182' title='bbox 868 3158 1008 3222; x_wconf 89' lang='lat' dir='ltr'><strong>locutum</strong></span> <span class='ocrx_word' id='word_1_183' title='bbox 1031 3182 1107 3223; x_wconf 90' lang='lat' dir='ltr'><strong>esse.</strong></span> 
     </span>
     <span class='ocr_line' id='line_1_25' title="bbox 222 3277 1186 3343; baseline -0.002 0"><span class='ocrx_word' id='word_1_184' title='bbox 222 3279 370 3343; x_wconf 89' lang='lat' dir='ltr'><strong>Omnium</strong></span> <span class='ocrx_word' id='word_1_185' title='bbox 393 3286 492 3343; x_wconf 87' lang='lat' dir='ltr'><strong>autem</strong></span> <span class='ocrx_word' id='word_1_186' title='bbox 516 3279 729 3343; x_wconf 86' lang='lat' dir='ltr'><strong>historicorum</strong></span> <span class='ocrx_word' id='word_1_187' title='bbox 759 3277 1065 3341; x_wconf 87' lang='lat' dir='ltr'><strong>maledicentissimus</strong></span> <span class='ocrx_word' id='word_1_188' title='bbox 1090 3277 1186 3343; x_wconf 83' lang='lat' dir='ltr'><strong>Theo·</strong></span> 
     </span>
     <span class='ocr_line' id='line_1_26' title="bbox 177 3396 1184 3485; baseline -0.003 -22"><span class='ocrx_word' id='word_1_189' title='bbox 177 3421 326 3485; x_wconf 82' lang='lat' dir='ltr'><strong>pompus,</strong></span> <span class='ocrx_word' id='word_1_190' title='bbox 362 3398 388 3461; x_wconf 91' lang='lat' dir='ltr'><strong>is</strong></span> <span class='ocrx_word' id='word_1_191' title='bbox 423 3398 476 3482; x_wconf 91' lang='lat' dir='ltr'><strong>qni</strong></span> <span class='ocrx_word' id='word_1_192' title='bbox 506 3421 604 3462; x_wconf 90' lang='lat' dir='ltr'><strong>unum</strong></span> <span class='ocrx_word' id='word_1_193' title='bbox 634 3420 671 3462; x_wconf 81' lang='lat' dir='ltr'><strong>ex</strong></span> <span class='ocrx_word' id='word_1_194' title='bbox 694 3397 836 3461; x_wconf 91' lang='lat' dir='ltr'><strong>omnibus</strong></span> <span class='ocrx_word' id='word_1_195' title='bbox 859 3396 1019 3460; x_wconf 82' lang='lat' dir='ltr'><strong>Socraticis</strong></span> <span class='ocrx_word' id='word_1_196' title='bbox 1042 3396 1184 3461; x_wconf 88' lang='lat' dir='ltr'><strong>laudasse</strong></span> 
     </span>
     <span class='ocr_line' id='line_1_27' title="bbox 177 3515 1183 3602; baseline -0.001 -19"><span class='ocrx_word' id='word_1_197' title='bbox 177 3520 274 3583; x_wconf 88' lang='lat' dir='ltr'><strong>fertur</strong></span> <span class='ocrx_word' id='word_1_198' title='bbox 315 3517 528 3581; x_wconf 87' lang='lat' dir='ltr'><strong>Antisthenem</strong></span> <span class='ocrx_word' id='word_1_199' title='bbox 570 3515 682 3601; x_wconf 70' lang='grc'><strong>(111111.</strong></span> <span class='ocrx_word' id='word_1_200' title='bbox 715 3515 780 3594; x_wconf 80' lang='lat' dir='ltr'><strong>VI,</strong></span> <span class='ocrx_word' id='word_1_201' title='bbox 814 3518 831 3602; x_wconf 60' lang='lat' dir='ltr'><strong>b</strong></span> <span class='ocrx_word' id='word_1_202' title='bbox 866 3519 937 3602; x_wconf 81' lang='lat'><strong>14),</strong></span> <span class='ocrx_word' id='word_1_203' title='bbox 974 3517 1119 3582; x_wconf 87' lang='lat' dir='ltr'><strong>acerrime</strong></span> <span class='ocrx_word' id='word_1_204' title='bbox 1152 3519 1183 3582; x_wconf 90' lang='lat' dir='ltr'><strong>in</strong></span> 
     </span>
     <span class='ocr_line' id='line_1_28' title="bbox 177 3635 1183 3713; baseline 0 -13"><span class='ocrx_word' id='word_1_205' title='bbox 177 3636 337 3700; x_wconf 89' lang='lat' dir='ltr'><strong>Platonem</strong></span> <span class='ocrx_word' id='word_1_206' title='bbox 360 3637 497 3700; x_wconf 88' lang='lat' dir='ltr'><strong>invectus</strong></span> <span class='ocrx_word' id='word_1_207' title='bbox 521 3642 584 3713; x_wconf 90' lang='lat' dir='ltr'><strong>est,</strong></span> <span class='ocrx_word' id='word_1_208' title='bbox 619 3635 732 3699; x_wconf 89' lang='lat' dir='ltr'><strong>ductus</strong></span> <span class='ocrx_word' id='word_1_209' title='bbox 754 3635 881 3699; x_wconf 79' lang='lat' dir='ltr'><strong>fortasse</strong></span> <span class='ocrx_word' id='word_1_210' title='bbox 904 3644 1004 3700; x_wconf 86' lang='lat' dir='ltr'><strong>vetere</strong></span> <span class='ocrx_word' id='word_1_211' title='bbox 1027 3635 1183 3700; x_wconf 85' lang='lat' dir='ltr'><strong>simultate</strong></span> 
     </span>
    </p>
   </div>
   <div class='ocr_carea' id='block_1_7' title="bbox 176 3937 1181 4097">
    <p class='ocr_par' dir='ltr' id='par_1_8' title="bbox 176 3937 1181 4097">
     <span class='ocr_line' id='line_1_29' title="bbox 212 3937 1181 4003; baseline -0.001 -16"><span class='ocrx_word' id='word_1_212' title='bbox 212 3940 235 4000; x_wconf 91' lang='grc'><strong>1)</strong></span> <span class='ocrx_word' id='word_1_213' title='bbox 255 3938 308 3988; x_wconf 84' lang='lat' dir='ltr'><strong>Vid.</strong></span> <span class='ocrx_word' id='word_1_214' title='bbox 327 3939 406 3988; x_wconf 77' lang='lat' dir='ltr'><strong>Latrt.</strong></span> <span class='ocrx_word' id='word_1_215' title='bbox 419 3938 457 3986; x_wconf 90' lang='grc'><strong>111</strong></span> <span class='ocrx_word' id='word_1_216' title='bbox 467 3975 473 3996; x_wconf 88' lang='grc'><strong>,</strong></span> <span class='ocrx_word' id='word_1_217' title='bbox 490 3940 501 3998; x_wconf 73' lang='lat'>5</span> <span class='ocrx_word' id='word_1_218' title='bbox 518 3938 562 3996; x_wconf 81' lang='lat'><strong>35,</strong></span> <span class='ocrx_word' id='word_1_219' title='bbox 581 3941 605 3986; x_wconf 87' lang='lat' dir='ltr'><strong>et</strong></span> <span class='ocrx_word' id='word_1_220' title='bbox 621 3938 715 4002; x_wconf 82' lang='lat' dir='ltr'><strong>Menag.</strong></span> <span class='ocrx_word' id='word_1_221' title='bbox 733 3939 762 3986; x_wconf 83' lang='lat' dir='ltr'><strong>cd</strong></span> <span class='ocrx_word' id='word_1_222' title='bbox 773 3938 798 3988; x_wconf 92' lang='lat' dir='ltr'><strong>h.</strong></span> <span class='ocrx_word' id='word_1_223' title='bbox 810 3938 827 3987; x_wconf 94' lang='lat' dir='ltr'><strong>l.</strong></span> <span class='ocrx_word' id='word_1_224' title='bbox 839 3955 862 4003; x_wconf 90' lang='lat' dir='ltr'><strong>p.</strong></span> <span class='ocrx_word' id='word_1_225' title='bbox 876 3938 936 3996; x_wconf 81' lang='lat'>151;</span> <span class='ocrx_word' id='word_1_226' title='bbox 953 3937 1011 3988; x_wconf 91' lang='lat' dir='ltr'><strong>ibid.</strong></span> <span class='ocrx_word' id='word_1_227' title='bbox 1023 3937 1071 3996; x_wconf 87' lang='lat' dir='ltr'><strong>vl,</strong></span> <span class='ocrx_word' id='word_1_228' title='bbox 1090 3939 1141 4000; x_wconf 72' lang='lat'><strong>53,</strong></span> <span class='ocrx_word' id='word_1_229' title='bbox 1159 3938 1181 3990; x_wconf 79' lang='grc'><strong>’1.</strong></span> 
     </span>
     <span class='ocr_line' id='line_1_30' title="bbox 176 4023 1178 4097; baseline -0.002 -15"><span class='ocrx_word' id='word_1_230' title='bbox 176 4023 212 4082; x_wconf 80' lang='lat' dir='ltr'><strong>De</strong></span> <span class='ocrx_word' id='word_1_231' title='bbox 229 4033 379 4082; x_wconf 83' lang='lat' dir='ltr'><strong>Antisthenis</strong></span> <span class='ocrx_word' id='word_1_232' title='bbox 396 4049 450 4081; x_wconf 87' lang='lat' dir='ltr'><strong>cnm</strong></span> <span class='ocrx_word' id='word_1_233' title='bbox 468 4031 569 4082; x_wconf 84' lang='lat' dir='ltr'><strong>Platone</strong></span> <span class='ocrx_word' id='word_1_234' title='bbox 587 4033 731 4081; x_wconf 79' lang='lat' dir='ltr'><strong>dissensione</strong></span> <span class='ocrx_word' id='word_1_235' title='bbox 749 4034 792 4082; x_wconf 87' lang='lat' dir='ltr'><strong>cfr.</strong></span> <span class='ocrx_word' id='word_1_236' title='bbox 810 4032 932 4091; x_wconf 88' lang='lat' dir='ltr'><strong>Dittrich,</strong></span> <span class='ocrx_word' id='word_1_237' title='bbox 951 4034 975 4081; x_wconf 91' lang='lat' dir='ltr'><strong>iu</strong></span> <span class='ocrx_word' id='word_1_238' title='bbox 994 4032 1131 4097; x_wconf 87' lang='lat' dir='ltr'><strong>Prolegom.</strong></span> <span class='ocrx_word' id='word_1_239' title='bbox 1151 4033 1178 4082; x_wconf 86' lang='lat' dir='ltr'><strong>sd</strong></span> 
     </span>
    </p>
   </div>
   <div class='ocr_carea' id='block_1_8' title="bbox 176 4128 384 4192">
    <p class='ocr_par' dir='ltr' id='par_1_9' title="bbox 176 4128 384 4192">
     <span class='ocr_line' id='line_1_31' title="bbox 176 4128 384 4192; baseline -0.01 -14"><span class='ocrx_word' id='word_1_240' title='bbox 176 4129 243 4179; x_wconf 82' lang='lat' dir='ltr'><strong>Cret.</strong></span> <span class='ocrx_word' id='word_1_241' title='bbox 260 4145 283 4192; x_wconf 88' lang='lat' dir='ltr'><strong>p.</strong></span> <span class='ocrx_word' id='word_1_242' title='bbox 301 4128 332 4180; x_wconf 79' lang='lat'><strong>37</strong></span> <span class='ocrx_word' id='word_1_243' title='bbox 350 4145 384 4191; x_wconf 91' lang='lat' dir='ltr'><strong>sq.</strong></span> 
     </span>
    </p>
   </div>
   <div class='ocr_carea' id='block_1_9' title="bbox 0 0 1378 4950">
    <p class='ocr_par' dir='ltr' id='par_1_10' title="bbox 0 0 1378 4950">
     <span class='ocr_line' id='line_1_32' title="bbox 0 0 1378 4950; baseline 0 3"><span class='ocrx_word' id='word_1_244' title='bbox 0 0 1378 4950; x_wconf 95' lang='lat' dir='ltr'><strong> </strong></span> 
     </span>
    </p>
   </div>
  </div>
 </body>
</html>
