2746 4950
660 369 720 432 172

185 579 290 635 utrum
313 571 422 637 Oriens
445 574 593 638 Graecum
613 573 845 659 philosophum,
861 597 899 637 au
916 573 967 638 hic
986 574 1060 638 illos
1075 576 1178 639 maiore

185 690 287 755 studio
311 692 423 757 coleret
444 715 480 756 ac
501 700 701 756 veneraretur.

228 809 266 874 In
289 810 471 896 scriptorum
494 817 595 875 autem
618 809 814 875 relationibus
836 810 873 874 de
895 809 1053 896 Aegyptio
1076 811 1179 876 itinere

184 929 329 1014 leguntur
358 951 435 1013 quae
460 951 523 993 non
552 929 654 993 valent
683 927 722 992 ad
750 951 855 994 eorum
877 929 969 994 fidem
991 929 1179 996 firmandam

183 1046 323 1111 numus
353 1047 493 1112 comeam
516 1026 638 1111 nnn
660 1047 801 1134 adjungit
821 1047 1019 1133 Euripidem,
1046 1049 1105 1134 qui
1123 1051 1196 1136 jam*

183 1174 298 1252 septem
324 1167 412 1231 annis
442 1175 512 1232 ante
541 1166 671 1232 Socratis
701 1175 828 1232 mortem
859 1189 875 1231 e
904 1167 968 1231 vita
985 1166 1179 1246 -decesserat3

182 1284 365 1351 Plutarchus
385 1293 488 1351 narrat
502 1286 618 1351 itineris
634 1266 704 1351 eum
719 1287 814 1351 socios
830 1286 971 1351 habuisse
987 1286 1180 1372 Ellopioncm

183 1403 415 1491 Peparethium,
448 1405 601 1471 hominem
627 1406 784 1491 ignotum,
820 1412 851 1470 et
884 1403 1044 1471 Simmiam
1072 1406 1182 1472 Theba

183 1547 268 1588 uum.
284 1526 306 1610 ¹)
329 1523 469 1608 Denique
492 1524 600 1589 Strabo
615 1524 752 1588 Platonis
767 1523 1014 1609 condiscipulum
1029 1525 1117 1610 apud
1132 1525 1182 1589 Ae

183 1643 302 1727 gyptius
326 1643 494 1708 sacerdotes
521 1642 682 1707 Eudoxum
705 1643 798 1707 fuisse
821 1642 942 1720 scribit,
965 1643 1115 1727 idemque
1136 1642 1182 1707 do

182 1784 266 1826 mum
289 1761 411 1827 illorum
433 1761 588 1847 Heliopoli
611 1763 670 1827 sibi
691 1769 888 1827 monstratam
911 1779 976 1826 esse
1004 1763 1110 1828 refert.
1140 1763 1205 1845 De¹

182 1879 311 1944 Eudoxo
340 1880 477 1945 Platonis
507 1881 617 1945 comite
639 1882 712 1946 item
734 1881 822 1946 nobis
844 1889 950 1945 auctor
971 1888 1021 1945 est
1044 1879 1181 1946 Clemens

182 1998 303 2084 (Strom.
334 1999 361 2064 I.
393 2023 423 2087 p.
456 2003 519 2064 303
549 1999 602 2084 Ο),
634 2000 688 2084 qui
717 2000 808 2064 etiam
837 1998 1048 2079 sacerdotum,
1073 2000 1180 2085 quibus

184 2117 271 2181 ambo
299 2117 452 2203 magistris
481 2118 531 2183 usi
559 2126 671 2197 essent,
701 2118 825 2183 nomina
853 2117 1016 2182 memoriae
1038 2117 1180 2204 prodidit

182 2234 339 2301 Praeterea
362 2235 399 2300 de
421 2247 556 2322 tempore
578 2237 772 2322 profectionis
793 2245 825 2301 et
847 2236 884 2301 de
899 2236 1108 2304 diuturnitate
1123 2261 1180 2303 nou

182 2355 331 2419 convenit.
377 2353 484 2420 Strabo
507 2356 602 2420 tradit
623 2356 888 2421 commorationem
912 2355 944 2420 in
964 2357 1109 2442 Aegypto
1130 2372 1180 2444 per

181 2473 325 2539 tredecim
360 2496 455 2538 anuos
482 2474 607 2539 durasse
614 2502 623 2554 3
654 2475 749 2560 igitur
774 2497 863 2539 omne
884 2483 1004 2561 tempus
1028 2476 1113 2541 iuter
1134 2475 1181 2540 So

182 2592 272 2656 cratis
295 2599 422 2656 mortem
441 2600 472 2657 et
486 2592 623 2657 Platonis
639 2593 855 2679 profectionem
869 2593 902 2657 in
920 2592 1045 2658 Italiam
1060 2580 1181 2678 (397-

183 2712 259 2794 387)
282 2733 317 2774 ea
338 2711 578 2796 peregrinatione
601 2712 754 2796 expletum
773 2735 837 2776 esse
853 2712 961 2790 sumit,
978 2733 1078 2796 quum
1093 2713 1182 2778 ceteri

182 2829 342 2914 scriptores
372 2831 405 2894 in
431 2830 511 2894 idem
534 2831 666 2916 spatium
689 2829 749 2894 alia
770 2832 861 2895 etiam
883 2831 992 2895 itinera
1013 2833 1180 2896 conferant.

182 2946 340 3012 Praeterea
365 2970 435 3012 vero
458 2949 565 3012 ferunt
580 2949 739 3026 Platonem
762 2973 788 3013 a.
813 2951 875 3013 395
896 2949 930 3012 iu
946 2948 1180 3015 Atheniensium

182 3067 313 3130 exercitu
325 3067 480 3131 militasse.
503 3067 574 3131 Vid.
587 3067 677 3153 Diog.
689 3065 791 3132 Laut.
803 3067 872 3146 HI,
887 3068 916 3131 8.
929 3066 1096 3146 Aelianus,
1109 3068 1180 3132 Var.

182 3186 263 3250 Hist.
294 3185 358 3250 VH
365 3236 375 3265 ,
406 3190 446 3250 14
476 3186 523 3251 cf.
552 3185 677 3252 Glintou
707 3186 787 3250 Past.
811 3186 893 3251 Hell.
921 3186 968 3250 ed.
992 3185 1127 3273 Kriiger.
1151 3211 1179 3274 p.

185 3308 246 3369 101
278 3313 309 3370 et
341 3328 371 3390 p.
396 3308 469 3371 377.
516 3304 659 3370 Narratio
694 3304 731 3369 de
762 3305 869 3369 itinere
896 3303 935 3368 ad
964 3304 1075 3389 Magos
1099 3305 1181 3371 haud

182 3423 274 3489 dubie
304 3424 437 3488 manavit
459 3446 475 3488 e
498 3424 601 3489 studio
624 3424 838 3488 Graecanicam
861 3423 1038 3509 sapientiam
1060 3447 1100 3489 ex
1118 3423 1184 3490 Ori-

183 3551 251 3608 ente
276 3543 433 3628 repetendi
440 3571 449 3620 3
480 3567 541 3609 non
563 3544 710 3610 absonum
733 3544 827 3628 igitur
853 3544 929 3607 foret
952 3543 1105 3628 suspicari
1125 3545 1184 3610 iter

216 3773 239 3833 1)
256 3772 364 3822 Simmias
380 3773 442 3837 apud
460 3773 523 3822 Plut.
540 3771 569 3822 de
586 3773 644 3821 Gen.
661 3773 726 3820 Socr.
745 3789 768 3836 p.
786 3770 833 3823 576
851 3787 901 3834 sqq.
919 3770 1006 3819 dicitur
1020 3774 1090 3823 πολὺν
1104 3780 1181 3842 χρόνω

181 3873 218 3919 tat
230 3878 272 3926 'tris
282 3872 356 3928 ξενίας
370 3871 466 3930 (timp)
483 3875 574 3933 γογοοὼς
586 3875 623 3921 καλ
635 3872 802 3929 πεπλανημένος
817 3872 839 3918 ὃν
851 3869 985 3923 ἀλλοδαποῖς
997 3871 1129 3936 ἀνθρώποις
1150 3873 1185 3918 at·

182 3980 228 4027 que
243 3968 315 4015 πολλὰ
330 3973 378 4022 τοῖς
387 3969 471 4034 ἱερεῦσι
482 3965 519 4016 διὰ
529 3968 655 4032 φιλοσοφίαν
665 3971 827 4028 erumpnas.
845 3963 932 4012 Utrum
942 3967 1023 4011 autem
1033 3963 1180 4015 Plutarchus

181 4064 320 4125 argumento
344 4061 432 4124 dialogi
456 4061 585 4110 inserviens
609 4060 732 4109 Simmiam
756 4061 890 4124 Aegyptum
907 4058 1014 4107 visitasse
1031 4061 1124 4110 referat
1132 4099 1141 4122 ‚
1155 4077 1184 4110 an

180 4154 260 4205 idonei
277 4156 345 4205 testis
360 4157 500 4206 auctoritate
518 4158 604 4215 fretus,
622 4156 646 4207 in
663 4155 761 4232 dubium
778 4155 857 4204 vocari
873 4159 959 4219 potest.
1002 4160 1006 4169 '
