2746 4950
663 335 703 396 to

176 549 229 607 tur
251 542 387 607 Platonis
410 540 506 606 codex
529 540 686 605 Parisinus
710 542 750 604 A.
780 539 868 605 Idem
890 540 1038 606 flosculus
1062 542 1195 608 reddeu-

176 661 234 726 dus
257 661 398 747 scriptori
421 660 476 745 qui
499 659 747 745 epistolographo
770 667 874 724 nostro
898 667 996 724 aetate
1011 661 1192 744 proximus,

177 779 358 844 Manethoni
373 779 453 864 apud
470 778 592 864 Ioseph.
610 801 636 842 c.
655 779 766 864 Apion.
784 777 817 856 I,
839 781 898 856 26,
915 778 969 843 ubi
985 779 1082 844 simili
1098 803 1192 845 seusu

180 899 238 963 hoc
262 898 344 962 dicto
370 897 486 961 utitur:
511 898 535 963 ol
558 897 587 960 δὲ
611 904 775 974 Σολνμῖται
877 895 964 969 οὕτως
988 899 1109 970 οίνοσίως
1134 907 1193 972 τοῖς

176 1021 327 1101 ἀνθρώποις
357 1018 607 1101 προσηνέχθησαν,
631 1016 703 1082 ίίοτε
732 1019 784 1092 την
812 1024 868 1081 τῶν
895 1017 1098 1097 προειρημένων
1123 1015 1189 1098 κραί-

177 1161 258 1211 τησιν
280 1136 387 1217 χρυσὸν
409 1137 574 1219 Φαίνεσίαι.
607 1135 656 1200 Ibi
679 1157 835 1221 perperam
859 1142 983 1200 auctore
1005 1133 1192 1200 Havercam·

177 1257 227 1340 pio
251 1255 416 1319 novissima
440 1255 513 1319 edit.
536 1256 645 1336 χρυσὸν
666 1255 798 1319 mutavit
820 1255 852 1318 in
874 1254 1031 1336 χειρίστην.

221 1371 364 1438 Ceterum
386 1374 436 1437 hic
456 1396 578 1458 quoque
600 1396 663 1438 non
686 1396 784 1458 pauca
799 1381 872 1437 sunt
888 1395 1095 1459 supervacua,
1112 1395 1191 1458 quae

177 1492 286 1557 melius
320 1492 474 1570 abessent,
514 1500 550 1556 ut
582 1491 660 1556 illud
692 1494 778 1574 φίλον
815 1489 903 1573 ἄνδρα
937 1493 999 1568 ἐμοὶ
1034 1517 1058 1556 π
1065 1491 1190 1572 ρεσβύ·

178 1636 272 1691 τερον
295 1610 451 1693 Σωκροίτη,
477 1611 564 1694 quasi
587 1611 730 1694 cuiquam
753 1609 942 1694 aequalium,
964 1610 1017 1694 qui
1033 1609 1190 1675 Socratem

99 1728 102 1734 ’
180 1736 211 1792 et
232 1729 391 1794 Platonem
413 1736 554 1805 nossent,
578 1728 666 1793 illum
689 1735 764 1792 natu
780 1729 924 1793 maiorem
938 1728 1031 1792 firisse
1045 1729 1189 1813 ignotum

181 1871 245 1914 esse
268 1857 387 1935 posset3
411 1856 477 1913 tum
500 1847 577 1912 illud
601 1849 650 1913 ε’πί
671 1873 736 1913 τινα
759 1854 814 1913 τῶν
836 1854 960 1914 πολιτῶν
982 1849 1048 1926 μεθ’
1065 1849 1191 1929 ἑτέρων

180 1966 327 2045 ἔπεμπονς
345 1968 475 2052 denique
497 1969 528 2032 οὐ
548 1969 656 2048 σμικροί
674 1966 796 2030 insolite
816 1965 955 2030 additum
974 1966 1074 2031 verbis
1094 1967 1123 2032 εί
1139 1971 1190 2033 τιν’

179 2084 264 2150 ἄλλοι
293 2092 428 2152 τοιαῦτα.
474 2084 512 2148 In
545 2085 592 2148 his
624 2092 743 2150 autem:
773 2083 802 2149 ὃν
825 2085 929 2166 σχεδὸν
952 2088 1001 2150 οὐκ
1023 2084 1059 2150 ἂν
1084 2087 1191 2166 αίσχν

179 2205 276 2281 νοίμην
297 2205 381 2268 εἰπὼν
401 2203 580 2269 δικαιότατον
599 2200 670 2268 εἶναι
690 2210 746 2268 τῶν
764 2203 850 2281 τότε,
875 2211 1088 2288 praeterquam
1108 2202 1192 2287 quod

179 2321 284 2403 σχεδὸν
319 2321 405 2386 valde
440 2322 547 2407 friget,
583 2321 709 2386 verbum
740 2320 931 2403 αἰσχυνοίμην
962 2322 1103 2406 ineptum
1134 2329 1190 2386 est.

179 2437 264 2520 Quid
294 2440 374 2504 enim
405 2439 560 2505 dedecoris
595 2451 647 2504 aut
681 2440 806 2525 pudoris
841 2439 952 2504 habere
986 2447 1125 2524 poterat,
1163 2441 1189 2504 si
1241 2490 1243 2495 .

180 2558 332 2622 Socratem
355 2560 492 2623 omnium
515 2560 567 2643 qui
590 2567 663 2623 tunc
685 2567 771 2624 erant
790 2559 902 2622 civium
918 2559 1125 2644 justissimum
1140 2582 1192 2644 ap
1229 2559 1230 2563 ’

180 2677 338 2763 pellebat?
369 2678 592 2762 Requirebatur
621 2700 676 2762 pro
699 2679 757 2742 hoc
780 2682 830 2743 οὐκ
852 2677 888 2744 ίιν
912 2680 1071 2756 ὀκνήσαιμι.
1118 2676 1193 2743 Non

180 2797 273 2860 semel
288 2799 320 2862 in
335 2820 395 2862 usu
410 2797 502 2862 huius
518 2797 603 2862 verbi
617 2804 744 2882 peccaut
757 2797 925 2882 Epistulae,
942 2804 978 2861 ut
993 2795 1061 2875 III,
1078 2820 1111 2881 p.
1126 2771 1189 2864 all

181 2915 223 2978 B:
248 2916 428 2996 αἰσχύνομαι
452 2918 485 2992 δίη
507 2918 605 2995 λέγειν
628 2915 692 2981 ὅσαι
715 2916 783 2982 τότε
799 2916 950 2981 ἐπιστολαί
969 2917 1052 2996 παρίι
1069 2923 1121 2982 σοῦ
1141 2916 1190 2982 καί

179 3037 248 3115 παρ’
278 3032 376 3100 ἄλλων
409 3033 508 3112 ἦλθον,
541 3057 595 3120 pro
627 3057 688 3118 quo
719 3057 825 3099 sensus
856 3033 1014 3119 flagitabat
1040 3033 1191 3114 αἰδοῦμαι.

180 3151 259 3216 Sunt
281 3161 384 3218 autem
405 3154 497 3218 verba
519 3154 572 3217 illa
594 3154 753 3217 manifeste
775 3153 906 3217 imitatio
930 3175 1034 3217 eorum
1058 3175 1139 3237 quae
1158 3154 1191 3218 in

180 3279 313 3336 extrema
341 3271 512 3337 Phaedouis
542 3273 653 3359 pagina
682 3273 844 3358 leguntur:
874 3269 922 3347 {als
950 3274 1115 3365 ητελεντη
1139 3276 1190 3339 νίν-

180 3391 257 3471 tata,
289 3394 325 3464 ὥς
357 3395 440 3470 ἡμεῖς
469 3400 582 3476 Φαῑμεν
606 3391 658 3466 ίιν,
682 3400 737 3457 τῶν
759 3391 827 3457 τότε
849 3389 884 3456 ὦν
914 3393 1099 3472 ἕπειροίίημεν
1131 3394 1193 3473 οίρί-

179 3533 248 3573 στον
278 3511 327 3575 καί
355 3511 455 3581 ἄλλως
481 3508 698 3592 φρονιμωτάτου
720 3509 770 3575 καί
794 3509 983 3575 διααιοποίτον.
1030 3507 1191 3594 Epistulae

178 3628 309 3691 imitatio
348 3629 448 3693 firmat
486 3628 648 3693 lectionem
685 3635 741 3693 τῶν
774 3627 858 3704 τότε,
895 3649 972 3711 quae
1006 3627 1190 3712 interpretes

179 3747 344 3811 nonnullos
371 3748 506 3812 offendit.
553 3747 645 3827 Quod
667 3748 701 3810 in
724 3755 857 3811 extrema
880 3747 1031 3810 sententia
1052 3746 1188 3832 legitur:

180 3865 305 3943 ἐμαυτὸν
334 3867 523 3944 ἐπανήγαγον
553 3867 613 3931 οίπὸ
635 3872 690 3932 τῶν
712 3865 779 3930 τίτε
801 3871 913 3943 κακῶν,
936 3887 999 3929 uon
1021 3872 1101 3930 recte
1124 3866 1190 3933 dic·

178 3988 245 4047 tum
268 3984 385 4069 opinor.
409 3985 589 4062 Ἐπιινοίνειν
613 3985 762 4069 significat
784 3983 904 4063 οὶνοίχειν
922 3983 972 4048 ε’πί
990 4008 1032 4061 τι,
1044 3985 1190 4070 ρνορθσινο

178 4101 226 4166 vel
253 4104 365 4188 referre
395 4107 449 4181 cd,
481 4105 528 4182 ia,
562 4111 593 4167 ot
623 4104 665 4166 ia
695 4104 756 4166 fere
779 4105 835 4185 είς,
860 4103 924 4185 ἐπὶ,
950 4105 1016 4183 πρὸς
1040 4102 1189 4187 adjuncta
