2746 4950
649 349 712 409 230

224 555 256 618 Si
290 557 355 639 ipse
390 555 433 617 ita
455 554 621 631 sentiebat,
645 553 720 638 quid
743 555 853 618 mirum
877 557 902 618 si
926 578 944 618 a
966 554 1082 619 multis
1107 578 1193 640 prop

180 683 226 740 ter
256 674 365 738 itinera
388 674 446 737 ista
476 673 666 758 vituperatus
697 681 743 738 cst
767 685 820 737 aut
851 674 992 753 derisus?
1036 673 1074 738 Si
1107 673 1193 738 Enri-

180 792 245 878 pidj
275 793 350 857 vitio
381 791 487 856 datum
527 799 574 856 est
608 793 691 877 quod
718 791 861 856 Archelai
886 791 1091 857 Macedoniae
1114 792 1192 877 regis

181 911 348 996 hospitium
365 910 557 994 sequebatur,
574 919 690 995 quanto
706 898 806 974 aerius
822 911 972 975 offendere
985 910 1100 975 debuit
1111 911 1191 996 quod

180 1030 287 1108 Plato,
323 1031 369 1094 vir
403 1029 559 1108 doctrina,
591 1030 756 1116 sapientia,
795 1031 913 1114 generis
948 1030 1115 1115 splendore
1148 1031 1192 1094 in·

181 1148 275 1233 signis
282 1197 292 1227 ,
327 1148 366 1212 ad
399 1147 615 1232 Syracusarum
638 1157 783 1234 tyrannos
810 1148 994 1213 diverteret?
1037 1147 1187 1212 Omnium

73 1328 76 1332 .
182 1267 260 1332 enim
286 1275 484 1353 tyrannorum
505 1268 635 1331 maxime
657 1268 820 1352 Dionysios
843 1267 882 1332 ob
906 1267 1078 1353 potentiam
1095 1289 1190 1352 aeque

182 1393 275 1471 atque
306 1385 345 1450 ob
376 1386 549 1471 superbiam
579 1394 610 1451 et
639 1387 902 1472 importunitatem
929 1386 1055 1452 Graecis
1080 1387 1192 1451 invisos

182 1506 292 1583 luisse,
317 1528 353 1569 ex
376 1504 503 1569 historia
524 1513 632 1569 notum
656 1507 753 1590 est1).
777 1505 841 1585 Qui
862 1505 959 1591 igitur
981 1505 1026 1569 sic
1049 1514 1087 1570 ut
1103 1505 1191 1570 Plato

183 1625 294 1688 horum
322 1631 521 1709 tyrannorum
551 1625 649 1709 matis
678 1625 814 1701 floreret,
846 1623 999 1708 quomodo
1028 1624 1054 1688 is
1079 1625 1192 1690 civium

104 1751 107 1756 '
184 1743 331 1808 invidiam
347 1743 458 1808 evitare
480 1744 650 1829 potuisset?
673 1743 801 1808 Accedit
817 1743 899 1827 quod
917 1743 1100 1808 indecorum
1116 1706 1213 1809 ride-⁸

185 1863 293 1945 hatur,
316 1861 550 1948 philosophum,
581 1863 635 1946 qui
657 1870 788 1928 mentem
811 1862 941 1927 maxime
963 1861 1056 1927 rebus
1080 1862 1195 1927 divinis

188 1983 338 2047 intentam
380 1981 521 2060 haberet,
553 1981 726 2047 istiusmodi
764 1982 923 2047 hominum
957 1982 1096 2068 hospitio
1132 1985 1194 2062 uti,

189 2123 321 2186 quorum
344 2101 466 2165 luxuria
489 2109 520 2166 et
542 2080 637 2166 libide
661 2102 693 2166 in
716 2102 909 2188 proverbium
932 2101 1080 2167 abierant.
1099 2103 1124 2189 9)

232 2219 372 2284 Laertius
395 2219 512 2284 dictum
535 2220 623 2285 nobis
638 2221 769 2285 servavit
784 2220 917 2285 Molonis
933 2221 1095 2285 cuiusdam
1103 2271 1113 2300 ‚
1131 2222 1199 2287 Pla·

188 2338 290 2415 tonis,
317 2338 509 2417 renuetur,
534 2338 669 2423 aequalis
692 2339 772 2422 (III,
796 2341 813 2424 b
835 2341 887 2404 34.
912 2340 949 2403 cl.
970 2339 1095 2424 Menag.
1119 2340 1196 2406 Obs.

189 2481 219 2543 p.
245 2459 335 2542 151),
359 2457 442 2522 unde
464 2457 608 2522 discimus
630 2481 733 2523 revera
754 2458 848 2523 fuisse
871 2459 924 2543 qui
946 2458 1109 2524 Platonem
1127 2460 1197 2526 ideo

190 2577 368 2662 culparent:
402 2578 434 2641 οὐ
463 2582 565 2653 τοῦτο,
596 2577 714 2660 inquit,
746 2579 930 2657 θαυμαστὸν,
951 2578 974 2642 εἰ
998 2577 1146 2652 Διονύσιος
1171 2581 1200 2643 ἐν

189 2697 323 2779 Κορίνθῳ,
345 2696 417 2759 ἀλλ’
431 2696 456 2761 εἷ
477 2695 603 2761 Πλάτων
625 2698 653 2761 ἐν
676 2698 813 2772 Ermaia:
840 2719 923 2782 „non
941 2704 1005 2762 tam
1020 2698 1200 2763 mirandum

192 2815 276 2900 quod
306 2822 454 2900 tyrannus
483 2837 576 2900 regno
607 2815 715 2900 pulsus
739 2815 880 2880 Corinthi
910 2817 1079 2894 exsularet,
1106 2840 1202 2902 quam

192 2933 275 3018 quod
313 2933 453 3019 princeps
490 2933 692 3020 philosophus
721 2935 843 3020 tyranni
878 2935 978 2999 aulam
1013 2935 1202 3002 visitasset.”

192 3054 295 3136 Atque
306 3051 480 3117 istiusmodi
489 3053 752 3137 reprehensionem
768 3054 917 3139 respicere
930 3053 1202 3140 epistolographus

198 3247 365 3258 ...-.-..--

226 3383 251 3445 1)
268 3382 365 3448 Insigne
381 3380 452 3431 huius
469 3381 517 3431 odii
535 3381 705 3431 documentum
721 3381 814 3431 editum
831 3386 868 3431 eat
885 3382 947 3432 ludia
965 3383 1084 3448 Olympiis
1101 3401 1124 3435 a.
1136 3387 1204 3447 384,

193 3477 234 3528 ubi
246 3476 356 3542 Dionysii
367 3476 473 3537 theoria,
491 3477 620 3542 instigante
637 3477 709 3542 Lysia
718 3483 826 3537 oratore,
838 3495 850 3527 e
862 3482 984 3529 conventu
995 3479 1075 3544 pules,
1090 3482 1206 3541 tentoria,

194 3588 295 3632 eumue,
322 3573 384 3623 dona
407 3589 466 3638 quae
492 3574 606 3623 attulerat
628 3577 731 3623 cremata
748 3579 811 3623 aunt.
846 3575 905 3623 Rem
923 3579 1018 3624 enarrat
1035 3575 1124 3635 Grote,
1137 3578 1204 3628 Hist.

194 3670 221 3719 ol
240 3670 321 3719 Graec.
346 3669 393 3718 vol.
410 3668 462 3728 XI,
479 3686 503 3734 p.
521 3670 560 3719 31.
594 3669 674 3719 Iltiam
691 3670 750 3728 Dio,
771 3685 844 3734 quum
862 3687 876 3718 a
892 3675 995 3734 tyranno
1013 3687 1026 3719 a
1042 3671 1125 3720 Sicilia
1145 3674 1207 3737 ejec-

195 3773 234 3816 tus
250 3771 312 3816 esset
328 3766 357 3816 ab
374 3765 558 3816 Atheniensibus
575 3766 676 3831 benigue
693 3771 805 3832 exceptus
822 3770 847 3817 et
858 3767 887 3817 ab
897 3767 1007 3816 omnibus
1019 3767 1132 3817 Graeciae
1146 3770 1207 3818 civi·

196 3863 283 3911 tatibus
299 3877 384 3928 magno
401 3861 491 3911 honore
507 3866 544 3911 eat
562 3862 664 3914 habitas.

231 3960 256 4020 2)
274 3959 349 4008 Cuius
365 3958 400 4008 rei
417 3957 525 4008 meminit
543 3958 649 4023 Epistola
666 3957 730 4018 vlt,
747 3974 771 4022 p.
789 3958 836 4008 326
854 3956 1209 4023 Βεβίος...ἰταλιωτικῶν

196 4059 233 4106 καὶ
256 4059 435 4122 Συρακοσίων
457 4061 609 4121 τραπεζῶν
633 4057 733 4122 πλήρης.
756 4058 780 4102 et
807 4070 831 4118 p.
852 4053 899 4102 336
925 4053 959 4102 D:
984 4058 1022 4104 τὸν
1039 4060 1073 4117 μὴ
1090 4055 1209 4120 ὃννάμεννν

196 4154 291 4220 Δωριστὶ
310 4158 418 4215 timu,
437 4149 543 4202 didam«
561 4149 634 4199 δὲ...
651 4154 689 4200 τὸν
706 4153 848 4203 Σικελικὸν
864 4153 936 4218 βίον.
