2746 4950
649 351 710 410 211

176 557 283 634 nione,
301 556 457 621 Platonem
479 555 591 641 placita
607 577 661 618 sua
678 554 821 619 derebus
838 555 948 620 divinis
965 564 1109 641 augusta
1124 579 1196 641 qua

177 675 247 739 dam
269 676 479 760 mysteriorum
504 673 585 738 nube
601 674 782 751 involvisse,
799 696 894 758 eaque
910 684 944 738 ut
962 668 1086 760 vulgus⁸
1100 675 1196 741 bomi·
1253 744 1258 754 ,

176 818 250 859 num
280 795 454 880 superantia
475 795 580 879 paucis
603 801 722 858 tantum
751 795 838 878 quasi
870 795 909 857 ad
932 795 1087 859 interiora
1111 819 1195 860 sacra

177 913 314 977 admissis
334 914 504 997 aperuisse,
524 913 622 975 oritur
635 913 790 996 quaestio,
804 935 879 975 num
891 913 924 976 in
939 912 1084 977 Platonis
1102 915 1195 999 scrip

175 1033 215 1095 tis
239 1031 380 1116 legantur
403 1053 480 1116 quae
503 1031 574 1095 huic
599 1031 736 1115 opinioni
759 1029 861 1095 locum
882 1030 952 1095 dare
976 1032 1152 1115 potuerint.

221 1149 293 1215 Non
324 1150 403 1234 fugit
426 1149 584 1214 Platonem
608 1138 839 1213 multitudinem
864 1149 1024 1214 abhorrere
1051 1174 1071 1214 a
1097 1152 1195 1236 philo

144 1282 146 1292 “
179 1270 286 1354 sophia
314 1277 343 1333 et
366 1268 466 1333 odisse
488 1268 704 1354 philosophos,
729 1290 805 1351 quos
829 1277 974 1353 tanquam
998 1271 1195 1349 μετεωροσκό-

179 1411 249 1460 πους
280 1394 310 1451 et
339 1387 505 1466 ἀεροβοέτοος
537 1387 629 1471 vulgo
652 1385 762 1464 rideri,
786 1387 956 1465 contemni,
981 1389 1107 1473 sperni,
1131 1391 1193 1454 imo

179 1507 284 1570 exsilio
317 1515 347 1571 et
377 1515 475 1570 morte
506 1506 597 1583 affici,
629 1513 692 1570 tam
716 1506 845 1571 aliorum
868 1528 959 1590 quam
983 1505 1122 1572 Socratis
1145 1511 1194 1573 sui

180 1626 317 1712 exemplo
341 1625 467 1690 edoctus
492 1633 565 1690 erat.
612 1625 783 1690 Luculenta
810 1632 840 1689 et
863 1626 947 1711 gravi
969 1627 1113 1692 oratioue
1137 1628 1195 1692 bac

180 1744 217 1808 de
246 1767 279 1808 re
310 1744 447 1830 disputat
477 1743 515 1807 de
538 1743 612 1829 Rep.
637 1743 701 1822 VI,
721 1767 755 1829 p.
784 1745 970 1809 aea-490,
1017 1743 1091 1808 Jam
1118 1746 1194 1829 quid

180 1863 275 1947 magis
307 1868 543 1926 consentaneum
575 1862 670 1926 videri
701 1868 820 1947 poterat
861 1885 952 1947 quam
991 1865 1046 1947 qui
1078 1865 1126 1927 ita
1156 1864 1194 1928 de

179 1981 386 2046 multitudinis
418 1981 560 2065 opinione
590 1981 732 2057 sentiret,
765 2003 834 2044 eum
865 1981 977 2045 cavisse
1009 2004 1048 2046 ne
1082 1982 1195 2047 doctri-

182 2123 238 2164 nae
269 2099 381 2184 plaoita
411 2099 653 2184 intelligentibus
677 2106 797 2162 tantum
821 2107 892 2183 apta
914 2100 947 2163 in
971 2099 1086 2184 vulgus
1111 2101 1195 2166 effer·

181 2224 303 2293 rentur,
329 2237 423 2300 eaque
446 2215 521 2279 adeo
545 2222 599 2279 aut
622 2215 789 2279 occultasse
805 2221 936 2279 autnon
946 2216 1007 2279 nisi
1019 2223 1103 2282 tecte
1117 2224 1148 2281 et
1160 2219 1195 2282 δι’

179 2336 319 2413 αἰνιγμῶν
342 2333 549 2419 significasse?
595 2332 660 2397 Neo
688 2333 895 2398 scrutantibus
919 2333 1023 2398 deesse
1048 2343 1195 2420 poterant

178 2454 291 2517 indicia
322 2453 433 2537 quibus
464 2453 543 2516 banc
574 2453 747 2537 opinionem
779 2453 871 2517 semel
903 2461 1077 2537 susceptam
1105 2455 1194 2520 fulci-

178 2581 255 2637 rent.
301 2572 390 2637 Plato
414 2573 494 2635 enim
518 2570 572 2636 ubi
596 2572 714 2636 abditas
738 2573 929 2655 quaestiones
953 2579 1085 2651 tractat,
1112 2598 1195 2660 prae·

179 2692 282 2756 sertim
305 2691 343 2756 de
366 2691 516 2777 principio
540 2700 570 2754 et
594 2690 630 2755 de
655 2693 713 2754 fine
736 2713 835 2754 rerum
860 2691 1013 2769 omnium,
1031 2693 1193 2758 interdum

179 2813 221 2875 sic
247 2810 385 2894 loquitur
415 2820 449 2874 ut
478 2832 512 2873 ea
535 2810 663 2873 divinari
689 2810 790 2895 potius
816 2831 907 2893 quam
931 2809 1073 2874 distincte
1101 2813 1193 2877 intel·

178 2929 233 3014 ligi
268 2937 297 2993 et
327 2929 471 3015 explicari
502 2951 588 3014 posse
619 2928 777 3012 significet.
824 2927 868 2991 Ut
897 2929 1036 2992 omittam
1063 2932 1193 3011 μύθους,

180 3047 291 3132 quibus
327 3049 484 3137 opiniones
520 3069 589 3110 suas
617 3047 655 3112 de
682 3048 851 3111 animorum
879 3056 989 3112 natura
1015 3057 1047 3112 et
1069 3051 1194 3135 origine

180 3168 337 3252 exposuit,
362 3168 394 3231 in
417 3166 582 3230 Phaedone
606 3166 642 3230 de
666 3167 894 3232 immortalitate
918 3167 1068 3232 disserens
1085 3181 1196 3255 aperte

182 3285 256 3349 dicit
280 3287 320 3369 (p.
347 3287 386 3347 85
412 3285 471 3369 D),
495 3291 633 3370 oportere
657 3307 712 3348 nos
728 3284 878 3368 probabili
893 3285 1011 3350 ratione
1026 3295 1197 3355 contentos

179 3427 260 3482 esse,
300 3405 323 3468 εἰ
358 3405 400 3480 μή
427 3429 471 3475 τις
501 3403 607 3469 δύναιτ’
637 3402 856 3484 ἀσφαλέστερον
895 3404 945 3469 aul
979 3406 1194 3488 ἀκινδυνότερον

180 3524 226 3587 ἐπὶ
250 3522 436 3604 βεβαιοτέρου
456 3523 609 3602 ὀχήματος
630 3523 646 3597 ἢ
666 3523 755 3598 λόγου
776 3522 846 3586 θείου
864 3523 937 3594 τινὸς
958 3524 1196 3608 διοπορευθῆνοο,

180 3642 262 3718 „nisi
294 3642 362 3725 quis
386 3641 516 3704 firmiore
539 3646 603 3704 rate
626 3649 730 3703 vectus
755 3641 816 3704 sive
840 3641 943 3706 divina
965 3643 1098 3727 quadam
1122 3651 1198 3713 rati·

181 3781 237 3823 one
266 3759 357 3823 nixus
385 3760 484 3824 tutius
515 3768 546 3823 et
568 3760 681 3823 certius
705 3781 758 3843 per
780 3759 872 3823 vitam
895 3761 1037 3846 navigare
1061 3768 1198 3848 possit.”

181 3875 244 3958 Qui
259 3878 309 3942 hie
326 3877 438 3942 dicitur
453 3880 521 3950 θεῖος
538 3878 625 3954 λόγος
639 3876 715 3961 quid
727 3876 812 3940 aliud
826 3885 872 3941 est
883 3879 944 3942 nisi
955 3884 1115 3965 persuasio
1130 3909 1197 3950 non

180 3995 385 4094 rationisdope
409 3995 460 4060 sed
485 3996 588 4093 divino
612 3995 715 4059 afflatu
740 3996 827 4060 nobis
852 3995 975 4061 oblata?
1009 3998 1048 4062 In
1065 4000 1197 4069 Timaeo

181 4124 284 4179 autem
314 4117 455 4181 audimus
486 4115 523 4179 de
554 4115 620 4179 Deo
652 4116 724 4178 baec
757 4115 925 4194 dicentem,
950 4141 978 4202 p.
1005 4121 1046 4180 28
1072 4119 1116 4184 E:
1144 4129 1196 4190 τὸν
