2746 4950
643 355 707 415 228

176 566 287 651 reperit
306 567 370 651 jam
393 571 598 629 senescentem
622 568 652 625 et
675 584 694 624 a
716 559 866 646 prioribus
902 557 1036 622 ducibus
1067 579 1194 642 corrup

176 695 260 762 tum,
284 693 321 748 ut
335 684 431 769 ipsius
455 680 588 746 consiliis
612 702 714 744 aurem
738 677 880 764 praehere
902 677 1032 741 nollet.'’
1071 676 1190 741 Eodem

178 811 317 889 spectant
336 825 413 887 qnae
437 803 469 866 in
492 801 548 865 hac
572 801 638 885 ipsa
660 799 799 885 Epistola
821 798 981 882 leguntur,
1006 819 1040 882 p.
1059 800 1125 860 330
1144 796 1189 871 D,

177 923 303 986 consilia
332 944 396 986 non
424 918 525 984 danda
548 942 611 983 esse
634 940 689 982 nec
713 918 838 1003 privatis
865 914 1044 980 hominibus
1069 939 1128 980 neo
1151 918 1188 980 ci·

178 1041 342 1119 vitatibus,
366 1041 425 1105 nisi
452 1039 560 1124 dignos
583 1039 620 1101 iis
644 1061 675 1101 se
698 1036 862 1122 praebeant
884 1036 983 1119 iisqne
1004 1058 1125 1101 rnorem
1141 1059 1188 1120 gs·

176 1183 241 1225 rere
265 1183 296 1224 se
317 1159 395 1223 velle
418 1158 589 1223 ostendant.
620 1156 686 1220 Nec
708 1179 771 1220 non
794 1178 830 1219 ea
852 1177 929 1239 quae
943 1156 977 1219 in
989 1155 1133 1239 Epistola
1142 1154 1185 1218 IX

176 1278 266 1342 Plato
289 1277 328 1341 ad
352 1277 517 1361 Archytam
541 1274 675 1339 scribens
698 1274 871 1352 inducitur,
896 1298 926 1360 p.
935 1276 1009 1336 Δ358
1026 1276 1075 1351 A,
1094 1297 1185 1358 quum

177 1418 247 1460 eum
278 1397 419 1459 hortatur
446 1417 485 1458 ne
514 1395 547 1458 in
574 1392 757 1480 capessenda
786 1391 942 1477 republica
970 1393 1113 1457 animum
1139 1392 1186 1456 de·

178 1514 342 1601 spondeat,
378 1514 521 1597 quoniam
555 1535 618 1576 non
648 1512 736 1575 nobis
764 1512 863 1577 solum
889 1512 954 1575 nati
981 1512 1099 1592 simus,
1135 1513 1184 1577 sed

179 1640 294 1719 partem
326 1633 422 1696 nostri
445 1632 552 1708 amici,
576 1640 692 1715 partem
726 1639 883 1715 parentes,
916 1639 1036 1716 partem
1065 1654 1186 1716 quoque

178 1753 277 1839 patria
311 1752 369 1816 sibi
407 1750 540 1814 vindicet
547 1777 557 1827 ;
589 1749 690 1829 addit,
729 1750 828 1814 multa
864 1757 966 1814 tamen
1004 1751 1140 1835 pendere
1171 1775 1187 1815 a

179 1873 329 1956 cuiusque
362 1871 442 1935 vitae
475 1870 679 1956 temporibus:
714 1870 814 1934 πολλὰ
843 1870 873 1934 δὲ
903 1871 951 1935 καὶ
986 1879 1046 1943 τοῖς
1083 1879 1188 1953 καιροῖς

179 1991 286 2057 δίδοται
316 1997 375 2061 τοῖς
405 1990 454 2054 τὸν
482 1990 546 2067 βίον
573 1992 651 2066 ἡμῶν
674 1988 974 2066 assuescamus:
1000 2011 1081 2072 quae
1107 1990 1188 2054 haud

181 2110 308 2175 obscure
339 2114 478 2195 spectant
508 2107 547 2171 ad
577 2116 715 2194 tempora
737 2129 815 2191 quae
838 2107 897 2172 sibi
919 2107 1067 2191 obtigisse
1093 2111 1191 2194 philo

184 2226 299 2313 sophus
322 2227 411 2291 initio
434 2226 590 2312 Epistolae
613 2225 679 2290 VII
701 2226 815 2291 scribit.

225 2463 332 2551 Longe
355 2487 425 2528 vero
448 2464 579 2529 maxima
602 2464 746 2549 epistolae
771 2486 839 2550 pars
859 2464 988 2530 refertur
1011 2465 1050 2528 ad
1066 2467 1189 2532 itinera.

182 2583 327 2650 Ostendit
357 2606 388 2648 se
418 2584 551 2669 primum
581 2584 614 2648 in
644 2583 766 2648 Italiam
796 2584 965 2670 profectum
996 2607 1061 2649 esse
1087 2586 1191 2650 taedio

181 2704 285 2789 legum
308 2709 338 2767 ot
359 2725 480 2767 morum
503 2702 634 2767 civitatis
641 2731 651 2781 ;
675 2704 762 2782 inde,
785 2727 848 2768 non
870 2704 1010 2783 consilio,
1035 2704 1091 2769 sed
1112 2706 1192 2770 forte

182 2824 216 2888 in
245 2822 387 2906 Dionysii
417 2822 517 2886 aulam
540 2822 678 2887 delatum
700 2824 733 2886 in
757 2824 897 2887 notitiam
921 2824 1037 2888 venisse
1060 2824 1192 2902 Dionis;

182 2943 293 3006 iterum
313 2940 407 3005 huius
423 2941 548 3004 hortatu
564 2964 595 3005 se
609 2941 683 3004 illuc
700 2941 869 3026 profectum
882 2964 946 3006 esse
958 2943 1112 3008 invitante
1125 2945 1193 3030 ipso

187 3059 352 3144 Dionysio,
373 3066 410 3122 ut
433 3059 460 3123 ei
481 3060 618 3144 injiceret
642 3060 794 3137 ἐπιθυμίαν
811 3066 861 3126 τοῦ
881 3061 1041 3125 καλλίστου
1060 3064 1113 3127 καὶ
1134 3064 1195 3143 ἀρί-

187 3203 256 3245 στου
286 3177 351 3266 βίος)
389 3185 419 3241 et
446 3178 489 3242 ita
512 3174 669 3263 Syracusis
693 3201 727 3242 ac
751 3179 809 3243 toti
832 3178 952 3244 Siciliae
975 3179 1070 3244 saluti
1095 3190 1194 3260 esset;

188 3295 278 3361 tertio
301 3295 449 3379 deniquo,
474 3303 510 3360 ut
524 3294 656 3360 Dionem
676 3296 867 3384 ¹exsulantem
891 3305 1019 3382 tyranno
1036 3301 1195 3365 reconcili-

188 3424 253 3480 aret
275 3423 322 3494 et,
347 3415 429 3499 quod
452 3422 542 3480 antea
563 3416 677 3480 frustra
695 3424 859 3494 tentasset,
885 3439 953 3481 eum
979 3417 1196 3504 philosophiae

189 3533 276 3598 cultu
299 3533 451 3599 formaret.
476 3533 534 3597 His
554 3534 739 3620 exponendis
755 3535 884 3620 scriptor
899 3535 1033 3599 ostendit
1050 3544 1080 3600 et
1095 3538 1196 3622 justas

189 3653 304 3718 sibiae
327 3675 431 3736 graves
454 3653 547 3717 fuisse
574 3675 679 3718 causas
702 3653 864 3738 Syracusas
887 3655 1100 3739 proficiscendi
1118 3658 1195 3722 etin

189 3770 369 3835 commercio
400 3794 469 3835 cum
499 3771 646 3857 Dionysio
678 3780 707 3836 et
738 3772 837 3837 Dione
867 3774 946 3837 nihil
980 3797 1011 3836 se
1042 3784 1196 3858 spectasse

190 3891 249 3955 nisi
265 3889 347 3974 quod
371 3897 401 3953 et
432 3890 581 3955 amicitiae
612 3891 742 3957 officium
774 3900 803 3956 et
827 3892 1037 3977 philosophiae
1061 3892 1196 3978 dignitas

190 4009 390 4095 postularent.
419 4008 487 4074 Hoc
511 4010 637 4074 consilio
660 4012 862 4075 narrationem
885 4011 968 4075 illam
992 4013 1196 4099 conscriptam

191 4151 255 4194 esse
277 4128 344 4214 ipsa
366 4125 521 4212 Epistolae
545 4130 634 4195 verba
656 4131 765 4214 passim
791 4129 872 4194 haud
896 4131 1023 4194 obscure
1046 4131 1195 4197 indicant.
