2746 4950
668 323 709 386 61

181 531 244 594 lare
272 530 485 612 philosophiae.
532 527 703 591 Dissimiles
734 537 806 592 sunt
836 526 984 591 dictiones
1011 549 1089 612 quae
1119 548 1189 591 oum

182 647 239 712 hac
262 653 417 731 comparat
440 644 546 708 Aetius
569 644 642 709 Lex.
667 644 787 709 Platon.
812 668 835 708 s.
860 669 887 709 τ.
910 646 943 709 16
967 645 1078 730 quibus
1101 653 1187 725 μοῖοον

181 765 312 850 appositi
335 764 466 829 nominis
490 762 683 848 amplificatio
707 763 854 847 quaedam
878 769 939 842 661,
963 770 1000 828 ut
1014 764 1047 828 in
1060 762 1139 827 Phil.
1156 786 1185 848 p.

186 886 226 946 60
250 882 294 946 B:
319 885 336 959 ἡ
360 887 409 948 τοῦ
431 883 543 961 οἱνοοθοῦ
566 889 651 962 μοῑροο
674 904 729 966 pro
754 881 786 946 τὸ
808 883 934 960 ἀγαθόν.
959 880 997 946 (16
1020 881 1114 967 Legg.
1136 881 1185 960 II,

184 1004 246 1066 656
271 1000 314 1064 B:
338 1003 374 1074 ὡς
394 1003 423 1065 ἐν
442 1001 561 1072 noilleio
580 1001 680 1083 μοίρᾳ,
698 1002 781 1086 quusi
793 1023 851 1083 per
860 1002 969 1085 jocum.
995 999 1187 1066 Constnuctio

180 1121 360 1199 ἀνέγκλητός
391 1144 464 1192 τινος
488 1120 538 1183 vix
561 1142 668 1204 graeca
691 1126 754 1198 661;
779 1119 942 1184 dicendum
960 1142 1020 1205 pro
1043 1119 1101 1184 hoe
1125 1126 1188 1184 erat

181 1237 361 1316 οὶνενκλητός
383 1262 436 1303 τννν
460 1237 507 1301 vel
530 1237 695 1317 τρόςτννοο.

649 1476 720 1560 §a

314 1713 362 1775 m
382 1695 531 1775 616166
553 1711 694 1825 66616
716 1735 735 1774 a
758 1712 881 1775 6666
902 1711 1048 1776 mamea.

226 1949 296 2013 Jam
319 1971 411 2034 snpra
433 1949 539 2012 monui
562 1949 722 2034 epistolam
745 1949 823 2013 hanc
846 1949 987 2013 refertam
1010 1971 1074 2013 esse
1089 1949 1187 2026 verbis

183 2077 213 2132 61
243 2069 401 2132 sententiis
433 2090 511 2152 quae
541 2067 715 2131 Platonicae
744 2068 888 2132 orationis
911 2067 1042 2133 colorem
1069 2068 1188 2132 imitan-

182 2195 250 2265 tur,
275 2186 357 2271 quod
380 2187 531 2250 neminem
555 2187 607 2270 qui
630 2185 767 2249 Platonis
792 2185 973 2271 scriptave]
997 2185 1103 2250 leviter
1120 2187 1188 2249 atti·

183 2307 262 2390 gerit
296 2305 399 2389 fugere
422 2311 532 2390 potest.
550 2306 573 2389 l)
618 2304 754 2368 Imitatio
779 2304 851 2368 haec
879 2303 969 2367 efficit
992 2311 1044 2382 ut,
1069 2304 1095 2368 si
1119 2305 1188 2387 quis

182 2424 288 2489 leviter
305 2425 389 2488 hanc
413 2422 571 2508 epistolam
589 2431 764 2509 «percurrat,
788 2422 876 2487 facile
902 2422 1039 2487 Platonis
1063 2444 1187 2486 manum

183 2565 344 2628 agnoscere
374 2542 432 2606 sibi
462 2541 618 2620 videatur,
651 2542 797 2626 quivero
821 2528 936 2605 attento
961 2542 1062 2605 animo
1085 2548 1115 2605 61
1138 2540 1188 2605 ad·

183 2653 281 2727 hibito
309 2661 426 2746 judicio
456 2661 555 2744 legat,
587 2660 754 2725 manifestis
785 2658 905 2723 indiciis
931 2660 1114 2754 imitatorem
1138 2658 1187 2723 de·

184 2780 359 2867 prehendat.
388 2780 498 2865 Itaque
522 2802 583 2864 qua
596 2778 785 2856 ⁴dexteritate
809 2787 839 2842 et
863 2800 924 2863 quo
944 2778 1061 2863 judicio
1085 2785 1188 2842 noster

183 2903 216 2967 in
238 2900 386 2966 imitando
409 2900 536 2965 Platone
556 2923 630 2965 usus
656 2901 710 2976 sit,
735 2898 821 2963 lubet
836 2921 898 2963 uno
920 2906 953 2962 61
975 2898 1070 2962 altero
1093 2921 1190 2962 exem-

185 3022 236 3107 plo
260 3021 420 3085 declarare.

230 3139 320 3224 uligo
347 3139 448 3203 locum
480 3138 533 3221 qui
562 3137 674 3222 legitur
705 3159 734 3221 p.
768 3138 831 3199 330
855 3135 894 3199 D.
942 3136 1058 3199 Auctor
1081 3134 1189 3199 Dionis

185 3259 288 3323 amicis
312 3257 473 3322 consilium
496 3257 622 3321 daturus
646 3256 683 3319 de
699 3254 868 3318 ordinanda
883 3253 1098 3338 Syracusarum
1116 3254 1186 3332 eivi-

185 3385 265 3454 tate,
289 3377 397 3461 incipit
420 3375 511 3459 longo
535 3375 705 3460 prooemio,
731 3395 792 3456 quo
816 3372 940 3457 exponit
955 3394 1046 3455 quam
1064 3371 1139 3436 viam
1157 3372 1189 3434 in

186 3494 313 3559 consilio
337 3493 437 3558 dando
450 3492 632 3578 sequendam
647 3499 782 3554 censeat.
800 3489 878 3567 λέγω
891 3490 923 3565 δὴ
935 3490 1007 3554 vaes
1023 3508 1029 3522 ·
1052 3490 1130 3567 Ἐγὼ
1143 3491 1190 3554 τὸν

186 3613 425 3691 ξυμβουλεύοντα
441 3597 523 3693 [ἀνδρὶ
543 3610 679 3689 κάμνοντι
703 3599 751 3674 aui
772 3610 884 3674 δίοντοον
896 3607 1069 3688 δνοντομένῳ
1081 3608 1190 3688 μοχθη-

186 3736 238 3816 ρὰν
261 3733 327 3813 πρὸς
347 3733 458 3810 ὑγιείαν
477 3729 551 3796 ἄλλο
574 3756 602 3796 τι
618 3730 676 3812 χρὴ
692 3735 799 3809 πρῶτον
814 3729 867 3806 μὲν
883 3728 969 3792 αὐτὸν
984 3726 1190 3804 μεταβάλλειν

188 3921 354 3933 ....-—--

221 4025 245 4084 l)
263 4021 384 4072 Nonnulla
401 4020 451 4069 eius
468 4019 561 4082 generis
578 4018 664 4082 passim
683 4017 820 4066 indicarunt
837 4019 894 4074 Ast,
917 4014 1039 4072 Salomon,
1058 4014 1114 4070 alii,
1131 4029 1191 4076 quae

188 4136 274 4184 niagno
292 4134 391 4168 numero
408 4119 509 4182 possunt
525 4115 612 4180 augeri.
