2746 4950
551 724 606 784 De
638 722 824 785 scientia.

229 987 267 1051 In
291 987 427 1071 qualibet
441 1010 473 1050 re
493 988 552 1050 tria
567 995 656 1064 sunt,
673 1010 727 1071 per
743 1009 820 1070 quae
836 1009 957 1050 necesse
973 994 1019 1050 est
1034 986 1190 1050 scientiam

184 1105 298 1190 parari:
324 1115 468 1189 quartum
492 1116 537 1168 est
559 1106 626 1189 ipsa
647 1107 819 1190 [scientia];
838 1107 979 1190 quintum
997 1112 1097 1169 autem
1112 1104 1190 1168 illud

183 1224 377 1308 ponendum,
421 1224 502 1308 quod
534 1224 680 1289 noscibile
711 1232 803 1308 atque
834 1248 938 1289 verum
970 1232 1024 1288 est.
1071 1224 1190 1289 Horum

184 1367 281 1407 uuum
305 1352 350 1408 est
372 1366 500 1420 nomeu,
525 1343 654 1408 alterum
667 1343 820 1421 definitio,
834 1345 958 1408 tertium
975 1344 1188 1420 simulacrum,

182 1463 310 1527 scientia
341 1469 494 1546 quartum.
540 1463 588 1525 De
619 1486 681 1526 uno
711 1463 806 1548 igitur
830 1463 928 1540 disce,
954 1464 978 1525 si
1003 1464 1085 1546 quod
1107 1485 1190 1526 nuuc

182 1581 252 1645 dico
275 1580 444 1664 intelligere
468 1580 571 1664 cupis,
597 1580 694 1665 deque
718 1581 859 1646 omnibus
876 1581 1014 1645 similiter
1034 1581 1188 1645 arbitrare.

182 1699 240 1762 Est
263 1698 379 1782 aliquid
403 1697 486 1781 quod
510 1698 642 1761 circulus
665 1705 810 1776 vocatur,
837 1700 886 1763 eui
908 1699 940 1763 id
963 1700 1062 1784 ipsum
1080 1722 1190 1763 nomeu

183 1824 230 1880 est
260 1816 343 1899 quod
373 1815 463 1878 modo
486 1816 750 1900 nuncupabamus.
798 1817 938 1880 Alterum
962 1824 1008 1881 est
1031 1817 1096 1881 eius
1119 1817 1190 1880 defi·

181 1935 276 2012 nitio,
310 1958 325 1998 e
356 1935 530 1999 nominibus
555 1943 585 1998 et
608 1935 707 1999 verbis
731 1935 916 2020 composita:
941 1935 1024 2019 quod
1048 1935 1127 1998 enim
1152 1934 1189 1998 ab

182 2053 324 2117 extremis
356 2052 394 2115 ad
424 2052 558 2117 medium
589 2053 755 2137 aequaliter
778 2053 983 2137 undequaque
1005 2052 1115 2130 distat,
1141 2053 1189 2116 de-

181 2172 280 2237 finitio
304 2181 349 2235 est
372 2171 437 2235 eius
462 2171 545 2255 quod
568 2172 693 2235 rotundi
717 2178 748 2236 et
771 2173 945 2236 circumacti
970 2179 1000 2236 et
1016 2172 1122 2237 circuli
1136 2195 1188 2235 no·

180 2292 263 2355 minc
286 2291 489 2375 designamus.
537 2291 674 2355 Tertium
699 2301 744 2356 θεῖ
766 2293 865 2376 figura
887 2292 969 2377 picta
987 2292 1035 2356 vel
1051 2300 1187 2369 tornata,

181 2409 319 2473 delebilis
343 2417 374 2472 et
396 2410 525 2473 caduca:
551 2432 680 2494 quorum
696 2410 729 2474 in
745 2411 846 2496 ipsum
861 2411 1024 2488 circulum,
1042 2411 1185 2495 adquam

181 2530 256 2593 haec
278 2529 380 2594 omnia
403 2536 556 2613 spectant,
573 2529 652 2592 nihil
668 2529 765 2607 cadit,
783 2494 890 2614 utpdte
906 2529 943 2594 ab
960 2530 1007 2594 his
1024 2529 1186 2593 diversum.

181 2648 333 2728 Quartum
358 2657 459 2712 autem
483 2649 563 2712 circa
586 2648 660 2712 haec
684 2656 730 2712 est
753 2649 880 2712 scientia
904 2656 934 2712 et
956 2671 1041 2712 mens
1066 2655 1096 2712 et
1118 2672 1187 2714 vera

180 2768 301 2852 opinio;
326 2767 407 2851 quod
432 2789 520 2831 omne
543 2790 648 2830 rursus
671 2774 827 2851 tamquam
851 2790 948 2831 unum
972 2768 1185 2846 statuendum,

180 2909 244 2950 non
273 2887 305 2950 in
335 2886 460 2950 vocibus
492 2909 547 2949 nec
574 2886 606 2950 in
630 2909 792 2971 corporum
814 2886 920 2970 figuris
943 2887 1054 2965 situm,
1079 2887 1186 2951 sedin

180 3005 304 3069 animis:
329 3027 390 3089 quo
413 3004 607 3068 manifestum
623 3005 675 3082 fit,
693 3004 845 3069 diversum
861 3004 939 3068 illud
956 3027 1020 3068 esse
1036 3004 1073 3068 ab
1088 3005 1184 3090 ipsius

180 3124 287 3189 circuli
309 3131 436 3202 natura,
461 3123 613 3188 diversum
636 3124 707 3187 item
734 3147 751 3186 a
773 3124 872 3188 tribus
896 3123 957 3187 illis
976 3146 1069 3208 supra
1085 3124 1183 3189 dietis.

181 3244 301 3307 Horum
340 3250 441 3306 autem
477 3243 656 3326 cognatione
689 3250 718 3306 et
750 3242 950 3306 similitudine
980 3243 1116 3327 proxime
1147 3243 1185 3306 ad

180 3363 324 3447 quintum
347 3363 464 3426 accedit
485 3384 587 3438 mens3
613 3368 711 3425 cetera
733 3362 896 3424 remotiora
916 3368 998 3424 sunt.
1022 3360 1087 3424 Iam
1103 3362 1184 3426 idem

182 3482 256 3567 [dici
278 3483 391 3566 potest]
417 3480 454 3545 de
477 3487 559 3544 recta
582 3488 612 3542 θῖ
631 3502 724 3544 curva
738 3480 836 3563 figura
852 3487 882 3544 et
898 3479 935 3543 de
952 3479 1068 3556 colore,
1086 3480 1184 3563 deque

180 3603 260 3666 bono
284 3607 313 3664 et
336 3599 465 3684 pulchro
488 3607 518 3662 et
541 3581 759 3681 iusumque
782 3598 819 3662 de
843 3598 981 3683 quolibet
997 3620 1121 3684 corpore
1137 3600 1185 3663 vel

179 3741 272 3782 manu
294 3718 374 3781 facto
398 3716 446 3781 vel
468 3724 577 3780 natura
592 3723 752 3801 generato,
769 3715 808 3780 de
823 3717 901 3801 igni,
920 3739 999 3800 aqua
1014 3719 1181 3802 ceterisque
1207 3712 1209 3717 ’

181 3921 340 3984 duantum.
363 3919 403 3967 Ita
419 3934 474 3967 mox
492 3935 515 3983 p.
533 3919 581 3966 343
598 3901 620 3967 A
634 3919 768 3982 junguntur
784 3923 930 3986 γραφομένων
946 3921 1006 3973 daal
1017 3921 1181 3986 τορνευθέντων.
