2746 4950
655 343 716 403 aaa
750 315 755 327 ’

181 565 260 633 quac
275 548 492 634 philosophum
504 548 584 612 iuter
596 554 627 612 et
638 548 818 634 magistrum
829 548 927 633 ipsius
938 547 1104 613 Isocratem
1117 548 1188 612 fuit.

181 666 284 748 Quam
315 689 431 751 aequus
461 667 555 731 fuerit
587 666 723 730 Platonis
747 666 859 753 judex,
893 675 1016 753 apparet
1043 690 1059 731 e
1085 666 1188 732 libello

181 776 272 870 quem
296 786 393 850 edidit
414 786 495 851 rard
518 794 571 862 τῆς
591 786 747 863 Πλάτωνος
771 785 935 866 διατριβῆς,
959 786 992 849 in
1015 808 1076 870 quo
1092 792 1190 849 osteu-

181 903 228 968 dit
257 904 397 969 Platonis
427 904 564 990 dialogos
595 925 661 969 esse
690 905 825 984 ἀχρείους
855 903 906 968 acl
926 903 1040 984 ψευδεῖς
1064 903 1188 989 (Athen.

182 1022 248 1102 XI,
272 1046 303 1108 p.
329 1025 415 1108 508),
429 1045 541 1107 eosque
555 1023 687 1087 maxima
702 1044 757 1107 pro
772 1030 857 1107 parte
873 1023 1075 1109 enAristippi
1083 1071 1092 1100 ,
1105 1021 1191 1085 Anti-

182 1143 299 1206 sthenis
334 1149 364 1206 et
391 1142 543 1227 ‘Brysonis
577 1142 696 1206 scriniis
724 1142 903 1227 compilatos
934 1165 1008 1207 esse.
1058 1142 1106 1206 Ex
1128 1164 1190 1226 quo

184 1261 327 1346 colligere
348 1260 435 1339 licet,
460 1283 552 1345 quam
576 1282 707 1345 aequum
731 1269 761 1324 et
782 1261 936 1346 integrum
956 1262 1021 1326 eius
1035 1260 1188 1347 judicium
1239 1255 1242 1259 ’

183 1380 277 1443 fuerit
299 1379 337 1443 dc
359 1387 494 1464 tempore
510 1402 528 1443 a
542 1378 671 1444 Platone
687 1379 721 1444 in
736 1379 807 1444 aula
822 1379 1012 1466 Syracusana
1026 1386 1189 1444 transacto.

228 1499 272 1561 At
310 1521 372 1562 non
410 1498 509 1562 solum
547 1499 706 1583 aequales,
743 1499 796 1562 sed
827 1500 918 1563 etiam
948 1500 1062 1584 posteri
1090 1498 1192 1562 Plato·

182 1640 252 1682 nem
274 1618 416 1682 insectati
439 1623 522 1682 sunt.
569 1617 751 1682 Academiae
774 1618 932 1683 celebritas
960 1626 990 1684 et
1012 1619 1093 1682 fama
1114 1617 1192 1682 mul·

182 1745 284 1801 torum
308 1737 450 1800 excitavit
471 1735 635 1815 invidiam,
671 1737 725 1821 qui
756 1736 862 1800 odium
886 1759 946 1822 quo
970 1737 1104 1801 scholam
1128 1759 1191 1821 per·

183 1856 391 1940 sequebantur
426 1857 465 1944 in
499 1855 609 1934 ducem
643 1864 673 1920 et
707 1864 862 1920 auctorem
891 1862 1062 1922 verterunt.
1108 1854 1192 1919 Inter

184 1975 338 2040 auditores
362 1982 392 2040 et
414 1975 527 2039 amicos
549 1975 688 2039 Platonis
718 1976 809 2040 multi
838 1976 965 2040 fuerunt
986 1974 1138 2060 principes
1161 1981 1192 2038 et

184 2095 320 2173 nobiles,
352 2117 483 2179 quorum
514 2095 643 2181 superbe
674 2103 728 2160 aut
758 2096 920 2182 imperiose
933 2070 1023 2159 ¹facta
1046 2095 1191 2180 magistro

185 2215 394 2299 imputarunt,
426 2214 533 2279 eodem
561 2215 707 2279 nimirum
727 2217 813 2301 jure,
838 2237 900 2298 quo
923 2213 1036 2278 Critiae
1058 2221 1088 2278 ct
1110 2213 1192 2278 Aloi-

185 2333 283 2397 biadis
313 2333 429 2418 flagitia
458 2332 574 2398 Socrati
598 2335 717 2398 crimini
740 2334 811 2398 data
840 2341 914 2398 sunt
941 2333 978 2398 ab
1003 2333 1190 2397 adversariis.

185 2452 363 2516 Athenaeus
392 2451 494 2537 plures
525 2452 662 2515 Platonis
687 2452 840 2516 auditores
863 2453 1001 2516 nominat
1014 2451 1055 2514 ¹in
1079 2450 1191 2535 quibus

184 2571 322 2655 magistri
345 2570 464 2635 indoles
487 2572 636 2651 τυραννικὴ
660 2572 709 2636 καὶ
730 2570 863 2650 διάβολος
886 2571 1092 2656 apparuisset,
1110 2570 1192 2636 idem

182 2698 286 2754 narrat
320 2690 478 2755 Platonem
509 2690 652 2776 Philippo
676 2713 764 2776 opem
787 2691 895 2755 tulisse
918 2692 950 2754 in
973 2689 1124 2776 potiundo
1148 2713 1191 2754 rc·

184 2832 245 2895 gno
269 2809 480 2888 Macedoniae,
504 2809 649 2874 Perdicca
671 2810 778 2874 fraude
801 2810 1016 2874 circumvento.
1032 2810 1056 2894 l)
1083 2809 1191 2872 Eidem

184 2929 376 3014 imputarunt
404 2929 487 3013 qnod
511 2928 669 3014 Callippus
692 2929 840 3006 Dionem,
872 2929 1025 3014 hospitem
1048 2952 1138 2993 suum
1163 2936 1192 2992 ct

133 3125 136 3130 Ι
185 3047 319 3112 sodalem
349 3049 382 3112 in
412 3047 589 3126 Academia,
620 3049 822 3113 interemisset
845 3048 969 3131 (Athen.
993 3048 1026 3112 ll.
1050 3071 1080 3134 p.
1107 3051 1191 3133 508).

181 3151 275 3231 'Hanc
298 3167 538 3231 criminationem
561 3168 675 3231 acriter·
691 3167 804 3231 refutat
822 3166 961 3251 Epistola
976 3166 1055 3245 VH,
1080 3190 1109 3251 p.
1128 3170 1191 3230 333

186 3286 228 3365 u,
259 3309 338 3370 quae
367 3285 500 3350 declarat
523 3284 698 3371 Callippum
721 3287 848 3370 eiusque
870 3286 993 3349 fratrem
1016 3285 1125 3348 Dionis
1148 3308 1194 3348 so·
1273 3371 1275 3375 ¹

184 3405 268 3488 dales
297 3404 390 3468 fuisse
419 3407 469 3470 οὐκ
499 3406 531 3469 ἐκ
560 3405 738 3487 φιλοσοφίας
764 3403 903 3483 γεγονότε
933 3404 1029 3487 φίλω,
1065 3405 1135 3468 ἀλλ’
1160 3405 1191 3467 ἐκ

219 3675 244 3736 l)
261 3674 317 3725 Vid.
334 3674 472 3724 Athenaeus
496 3673 542 3733 Xl,
566 3689 591 3738 p.
614 3675 662 3724 5⁰8
680 3678 705 3723 et
722 3673 785 3734 5063
803 3674 843 3738 qui
860 3676 945 3724 testem
962 3674 1033 3724 huius
1050 3675 1192 3725 narrationis

184 3770 244 3820 citat
269 3769 399 3820 caristium
422 3770 607 3834 Pergamenum,
632 3769 671 3818 cui
693 3769 743 3834 ipse
768 3773 848 3819 tamen
864 3785 960 3835 parvam
977 3769 1021 3820 hac
1038 3769 1062 3819 in
1079 3771 1192 3820 relidam

186 3867 274 3926 hahet,
290 3866 390 3916 addens:
408 3872 476 3917 τοῦτο
493 3861 513 3915 δ’
523 3870 589 3936 εἴπερ
605 3868 675 3924 οὕτως
691 3869 797 3926 ἀληθείας
817 3870 878 3932 ἔχει,
899 3870 946 3924 θεὸς
964 3871 991 3916 ἂν
1006 3867 1082 3926 εἰδείη.
1111 3867 1192 3917 Fuisse

187 3965 269 4011 tamen
285 3961 452 4010 commercium
468 3942 594 4031 Platonem
610 3961 673 4010 inter
690 3965 715 4010 ct
732 3961 882 4020 Perdiccam,
900 3961 987 4010 indicio
1004 3967 1040 4011 cat
1051 3961 1191 4026 EpistolaV

188 4058 278 4122 scripta
295 4058 323 4106 ad
341 4057 489 4116 Perdiccam,
507 4072 567 4121 quae
584 4073 658 4121 quom
675 4058 801 4106 maximam
818 4057 925 4107 Platonis
936 4057 1126 4107 benevolentiam
1137 4075 1191 4124 erga

189 4169 245 4203 com
261 4153 348 4218 spiret,
365 4153 454 4220 scripta
470 4156 506 4202 est
518 4154 621 4203 ¹fortasse
637 4153 666 4202 ad
683 4153 826 4203 calumniam
842 4152 914 4203 istam
931 4154 1124 4218 redarguendam.
