<?xml version="1.0" encoding="UTF-8"?>
<!DOCTYPE html PUBLIC "-//W3C//DTD XHTML 1.0 Transitional//EN"
    "http://www.w3.org/TR/xhtml1/DTD/xhtml1-transitional.dtd">
<html xmlns="http://www.w3.org/1999/xhtml" xml:lang="en" lang="en">
 <head>
  <title>
</title>
<meta http-equiv="Content-Type" content="text/html;charset=utf-8" />
  <meta name='ocr-system' content='tesseract 3.04.00' />
  <meta name='ocr-capabilities' content='ocr_page ocr_carea ocr_par ocr_line ocrx_word'/>
</head>
<body>
  <div class='ocr_page' id='page_1' title='image "./commentatiocrit00karsgoog_0166.png"; bbox 0 0 2746 4950; ppageno 0'>
   <div class='ocr_carea' id='block_1_1' title="bbox 649 374 707 435">
    <p class='ocr_par' dir='ltr' id='par_1_1' title="bbox 649 374 707 435">
     <span class='ocr_line' id='line_1_1' title="bbox 649 374 707 435; baseline 0.034 -3"><span class='ocrx_word' id='word_1_1' title='bbox 649 374 707 435; x_wconf 80' lang='lat'>137</span> 
     </span>
    </p>
   </div>
   <div class='ocr_carea' id='block_1_2' title="bbox 102 577 1192 2920">
    <p class='ocr_par' dir='ltr' id='par_1_2' title="bbox 176 577 1186 900">
     <span class='ocr_line' id='line_1_2' title="bbox 176 577 1185 665; baseline -0.004 -22"><span class='ocrx_word' id='word_1_2' title='bbox 176 581 281 665; x_wconf 81' lang='lat' dir='ltr'>junxit</span> <span class='ocrx_word' id='word_1_3' title='bbox 311 602 381 643; x_wconf 92' lang='lat' dir='ltr'>cum</span> <span class='ocrx_word' id='word_1_4' title='bbox 412 580 546 663; x_wconf 79' lang='lat' dir='ltr'><strong>Archyta</strong></span> <span class='ocrx_word' id='word_1_5' title='bbox 576 578 704 661; x_wconf 89' lang='lat' dir='ltr'>aliisque</span> <span class='ocrx_word' id='word_1_6' title='bbox 728 578 942 663; x_wconf 72' lang='lat' dir='ltr'>Pythagoreis,</span> <span class='ocrx_word' id='word_1_7' title='bbox 967 577 1038 641; x_wconf 91' lang='lat' dir='ltr'>inde</span> <span class='ocrx_word' id='word_1_8' title='bbox 1061 577 1185 640; x_wconf 90' lang='lat' dir='ltr'>domum</span> 
     </span>
     <span class='ocr_line' id='line_1_3' title="bbox 182 696 1186 779; baseline -0.003 -18"><span class='ocrx_word' id='word_1_9' title='bbox 182 699 281 762; x_wconf 87' lang='lat' dir='ltr'>rediit.</span> <span class='ocrx_word' id='word_1_10' title='bbox 329 698 413 761; x_wconf 90' lang='lat' dir='ltr'>Haec</span> <span class='ocrx_word' id='word_1_11' title='bbox 437 705 482 761; x_wconf 91' lang='lat' dir='ltr'>est</span> <span class='ocrx_word' id='word_1_12' title='bbox 505 719 747 760; x_wconf 86' lang='lat' dir='ltr'>summacorum</span> <span class='ocrx_word' id='word_1_13' title='bbox 774 718 850 779; x_wconf 94' lang='lat' dir='ltr'>quae</span> <span class='ocrx_word' id='word_1_14' title='bbox 873 696 911 759; x_wconf 89' lang='lat' dir='ltr'>de</span> <span class='ocrx_word' id='word_1_15' title='bbox 930 697 1063 760; x_wconf 89' lang='lat' dir='ltr'>secundo</span> <span class='ocrx_word' id='word_1_16' title='bbox 1078 696 1186 758; x_wconf 90' lang='lat' dir='ltr'>itinere</span> 
     </span>
     <span class='ocr_line' id='line_1_4' title="bbox 183 815 948 900; baseline -0.003 -20"><span class='ocrx_word' id='word_1_17' title='bbox 183 817 215 880; x_wconf 93' lang='lat' dir='ltr'>in</span> <span class='ocrx_word' id='word_1_18' title='bbox 238 816 339 879; x_wconf 90' lang='lat' dir='ltr'>aulam</span> <span class='ocrx_word' id='word_1_19' title='bbox 363 815 504 900; x_wconf 85' lang='lat' dir='ltr'>Dionysii</span> <span class='ocrx_word' id='word_1_20' title='bbox 526 815 557 878; x_wconf 92' lang='lat' dir='ltr'>in</span> <span class='ocrx_word' id='word_1_21' title='bbox 582 815 710 899; x_wconf 89' lang='lat' dir='ltr'>epistola</span> <span class='ocrx_word' id='word_1_22' title='bbox 733 821 948 878; x_wconf 80' lang='lat' dir='ltr'><strong>memorantur.</strong></span> 
     </span>
    </p>

    <p class='ocr_par' dir='ltr' id='par_1_3' title="bbox 102 933 1192 2565">
     <span class='ocr_line' id='line_1_5' title="bbox 228 933 1186 1018; baseline -0.003 -20"><span class='ocrx_word' id='word_1_23' title='bbox 228 935 315 1014; x_wconf 73' lang='lat' dir='ltr'>Quae</span> <span class='ocrx_word' id='word_1_24' title='bbox 336 935 379 998; x_wconf 93' lang='lat' dir='ltr'>ibi</span> <span class='ocrx_word' id='word_1_25' title='bbox 401 935 531 998; x_wconf 87' lang='lat' dir='ltr'>breviter</span> <span class='ocrx_word' id='word_1_26' title='bbox 546 940 731 1018; x_wconf 84' lang='lat' dir='ltr'>tanguntur,</span> <span class='ocrx_word' id='word_1_27' title='bbox 756 933 876 1018; x_wconf 83' lang='lat' dir='ltr'>plenius</span> <span class='ocrx_word' id='word_1_28' title='bbox 900 933 1036 1018; x_wconf 82' lang='lat' dir='ltr'>exposita</span> <span class='ocrx_word' id='word_1_29' title='bbox 1058 933 1186 1016; x_wconf 82' lang='lat' dir='ltr'>legimus</span> 
     </span>
     <span class='ocr_line' id='line_1_6' title="bbox 184 1051 1187 1139; baseline -0.005 -21"><span class='ocrx_word' id='word_1_30' title='bbox 184 1054 266 1139; x_wconf 91' lang='lat' dir='ltr'>apud</span> <span class='ocrx_word' id='word_1_31' title='bbox 300 1054 475 1131; x_wconf 88' lang='lat' dir='ltr'>historicos,</span> <span class='ocrx_word' id='word_1_32' title='bbox 511 1076 527 1116; x_wconf 97' lang='lat' dir='ltr'>e</span> <span class='ocrx_word' id='word_1_33' title='bbox 562 1053 672 1136; x_wconf 92' lang='lat' dir='ltr'>quibus</span> <span class='ocrx_word' id='word_1_34' title='bbox 707 1053 866 1130; x_wconf 82' lang='lat' dir='ltr'>discimus,</span> <span class='ocrx_word' id='word_1_35' title='bbox 899 1051 1085 1116; x_wconf 78' lang='lat' dir='ltr'>simultatem</span> <span class='ocrx_word' id='word_1_36' title='bbox 1109 1051 1187 1114; x_wconf 90' lang='lat' dir='ltr'>inter</span> 
     </span>
     <span class='ocr_line' id='line_1_7' title="bbox 182 1163 1187 1256; baseline -0.005 -19"><span class='ocrx_word' id='word_1_37' title='bbox 182 1163 311 1237; x_wconf 84' lang='lat' dir='ltr'>Dionem</span> <span class='ocrx_word' id='word_1_38' title='bbox 344 1180 373 1236; x_wconf 90' lang='lat' dir='ltr'>et</span> <span class='ocrx_word' id='word_1_39' title='bbox 404 1172 534 1237; x_wconf 90' lang='lat' dir='ltr'>alterum</span> <span class='ocrx_word' id='word_1_40' title='bbox 557 1172 738 1256; x_wconf 90' lang='lat' dir='ltr'>Dionysium</span> <span class='ocrx_word' id='word_1_41' title='bbox 761 1194 823 1234; x_wconf 92' lang='lat' dir='ltr'>nou</span> <span class='ocrx_word' id='word_1_42' title='bbox 846 1179 965 1235; x_wconf 90' lang='lat' dir='ltr'>tantum</span> <span class='ocrx_word' id='word_1_43' title='bbox 991 1171 1187 1235; x_wconf 87' lang='lat' dir='ltr'>calumniato-</span> 
     </span>
     <span class='ocr_line' id='line_1_8' title="bbox 183 1288 1187 1375; baseline -0.004 -19"><span class='ocrx_word' id='word_1_44' title='bbox 183 1315 251 1356; x_wconf 86' lang='lat' dir='ltr'>rum</span> <span class='ocrx_word' id='word_1_45' title='bbox 284 1291 437 1368; x_wconf 68' lang='grc' dir='ltr'><em>διαβολαῖς</em></span> <span class='ocrx_word' id='word_1_46' title='bbox 471 1290 631 1354; x_wconf 78' lang='lat' dir='ltr'>excitatam</span> <span class='ocrx_word' id='word_1_47' title='bbox 666 1312 747 1366; x_wconf 91' lang='lat' dir='ltr'>esse,</span> <span class='ocrx_word' id='word_1_48' title='bbox 782 1288 835 1352; x_wconf 91' lang='lat' dir='ltr'>sed</span> <span class='ocrx_word' id='word_1_49' title='bbox 866 1290 928 1375; x_wconf 85' lang='lat' dir='ltr'>jam</span> <span class='ocrx_word' id='word_1_50' title='bbox 963 1297 1032 1353; x_wconf 87' lang='lat' dir='ltr'>ante</span> <span class='ocrx_word' id='word_1_51' title='bbox 1059 1296 1187 1353; x_wconf 90' lang='lat' dir='ltr'>mortem</span> 
     </span>
     <span class='ocr_line' id='line_1_9' title="bbox 182 1407 1184 1493; baseline -0.003 -20"><span class='ocrx_word' id='word_1_52' title='bbox 182 1409 322 1493; x_wconf 84' lang='lat' dir='ltr'>Dionysii</span> <span class='ocrx_word' id='word_1_53' title='bbox 339 1409 472 1480; x_wconf 48' lang='lat' dir='ltr'>¹maioris</span> <span class='ocrx_word' id='word_1_54' title='bbox 502 1409 581 1473; x_wconf 89' lang='lat' dir='ltr'>inter</span> <span class='ocrx_word' id='word_1_55' title='bbox 604 1407 707 1471; x_wconf 88' lang='lat' dir='ltr'>ambos</span> <span class='ocrx_word' id='word_1_56' title='bbox 730 1409 955 1472; x_wconf 76' lang='lat' dir='ltr'>contentionem</span> <span class='ocrx_word' id='word_1_57' title='bbox 983 1432 1046 1472; x_wconf 92' lang='lat' dir='ltr'>esse</span> <span class='ocrx_word' id='word_1_58' title='bbox 1070 1417 1184 1485; x_wconf 88' lang='lat' dir='ltr'>ortam,</span> 
     </span>
     <span class='ocr_line' id='line_1_10' title="bbox 184 1527 1188 1612; baseline -0.003 -20"><span class='ocrx_word' id='word_1_59' title='bbox 184 1551 279 1612; x_wconf 91' lang='lat' dir='ltr'>quum</span> <span class='ocrx_word' id='word_1_60' title='bbox 303 1528 363 1590; x_wconf 91' lang='lat' dir='ltr'>Dio</span> <span class='ocrx_word' id='word_1_61' title='bbox 387 1527 473 1611; x_wconf 83' lang='lat' dir='ltr'>regni</span> <span class='ocrx_word' id='word_1_62' title='bbox 495 1527 714 1591; x_wconf 87' lang='lat' dir='ltr'>successionem</span> <span class='ocrx_word' id='word_1_63' title='bbox 737 1527 847 1590; x_wconf 90' lang='lat' dir='ltr'>minori</span> <span class='ocrx_word' id='word_1_64' title='bbox 869 1527 1016 1611; x_wconf 91' lang='lat' dir='ltr'>Dionysio</span> <span class='ocrx_word' id='word_1_65' title='bbox 1039 1527 1188 1610; x_wconf 86' lang='lat' dir='ltr'>surripere</span> 
     </span>
     <span class='ocr_line' id='line_1_11' title="bbox 185 1645 1188 1729; baseline -0.003 -19"><span class='ocrx_word' id='word_1_66' title='bbox 185 1653 215 1710; x_wconf 91' lang='lat' dir='ltr'>et</span> <span class='ocrx_word' id='word_1_67' title='bbox 238 1646 464 1710; x_wconf 80' lang='lat' dir='ltr'>Aristomaches</span> <span class='ocrx_word' id='word_1_68' title='bbox 487 1646 598 1709; x_wconf 87' lang='lat' dir='ltr'>sororis</span> <span class='ocrx_word' id='word_1_69' title='bbox 615 1668 687 1709; x_wconf 90' lang='lat' dir='ltr'>suae</span> <span class='ocrx_word' id='word_1_70' title='bbox 711 1645 780 1709; x_wconf 90' lang='lat' dir='ltr'>filiis</span> <span class='ocrx_word' id='word_1_71' title='bbox 797 1646 958 1710; x_wconf 87' lang='lat' dir='ltr'>conciliare</span> <span class='ocrx_word' id='word_1_72' title='bbox 973 1653 1149 1722; x_wconf 89' lang='lat' dir='ltr'>conaretur;</span> <span class='ocrx_word' id='word_1_73' title='bbox 1166 1646 1188 1729; x_wconf 84' lang='grc' dir='ltr'>Ι)</span> 
     </span>
     <span class='ocr_line' id='line_1_12' title="bbox 186 1764 1189 1850; baseline -0.002 -20"><span class='ocrx_word' id='word_1_74' title='bbox 186 1789 263 1849; x_wconf 89' lang='lat' dir='ltr'>quac</span> <span class='ocrx_word' id='word_1_75' title='bbox 293 1767 431 1830; x_wconf 84' lang='lat' dir='ltr'>simultas</span> <span class='ocrx_word' id='word_1_76' title='bbox 463 1765 594 1850; x_wconf 92' lang='lat' dir='ltr'>primurn</span> <span class='ocrx_word' id='word_1_77' title='bbox 619 1765 734 1850; x_wconf 90' lang='lat' dir='ltr'>sopita,</span> <span class='ocrx_word' id='word_1_78' title='bbox 759 1787 845 1842; x_wconf 81' lang='lat' dir='ltr'>mox,</span> <span class='ocrx_word' id='word_1_79' title='bbox 869 1766 1034 1849; x_wconf 83' lang='lat' dir='ltr'>instigante</span> <span class='ocrx_word' id='word_1_80' title='bbox 1060 1764 1189 1828; x_wconf 84' lang='lat' dir='ltr'>maxime</span> 
     </span>
     <span class='ocr_line' id='line_1_13' title="bbox 185 1883 1187 1969; baseline -0.002 -21"><span class='ocrx_word' id='word_1_81' title='bbox 185 1885 332 1961; x_wconf 88' lang='lat' dir='ltr'>Philisto,</span> <span class='ocrx_word' id='word_1_82' title='bbox 364 1885 418 1968; x_wconf 92' lang='lat' dir='ltr'>qui</span> <span class='ocrx_word' id='word_1_83' title='bbox 440 1907 538 1969; x_wconf 89' lang='lat' dir='ltr'>nuper</span> <span class='ocrx_word' id='word_1_84' title='bbox 560 1884 597 1947; x_wconf 94' lang='lat' dir='ltr'>ah</span> <span class='ocrx_word' id='word_1_85' title='bbox 621 1884 726 1948; x_wconf 82' lang='lat' dir='ltr'>exsilio</span> <span class='ocrx_word' id='word_1_86' title='bbox 750 1883 912 1968; x_wconf 87' lang='lat' dir='ltr'>Syracusas</span> <span class='ocrx_word' id='word_1_87' title='bbox 932 1891 1089 1948; x_wconf 87' lang='lat' dir='ltr'>revocatus</span> <span class='ocrx_word' id='word_1_88' title='bbox 1109 1890 1187 1961; x_wconf 91' lang='lat' dir='ltr'>erat,</span> 
     </span>
     <span class='ocr_line' id='line_1_14' title="bbox 185 2001 1186 2088; baseline -0.002 -21"><span class='ocrx_word' id='word_1_89' title='bbox 185 2006 218 2068; x_wconf 94' lang='lat' dir='ltr'>in</span> <span class='ocrx_word' id='word_1_90' title='bbox 253 2012 390 2088; x_wconf 89' lang='lat' dir='ltr'>apertum</span> <span class='ocrx_word' id='word_1_91' title='bbox 425 2003 530 2067; x_wconf 89' lang='lat' dir='ltr'>odium</span> <span class='ocrx_word' id='word_1_92' title='bbox 565 2003 674 2088; x_wconf 90' lang='lat' dir='ltr'>erupit.</span> <span class='ocrx_word' id='word_1_93' title='bbox 721 2002 888 2086; x_wconf 89' lang='lat' dir='ltr'>Praecipua</span> <span class='ocrx_word' id='word_1_94' title='bbox 910 2003 971 2066; x_wconf 90' lang='lat' dir='ltr'>irae</span> <span class='ocrx_word' id='word_1_95' title='bbox 999 2025 1089 2066; x_wconf 91' lang='lat' dir='ltr'>causa</span> <span class='ocrx_word' id='word_1_96' title='bbox 1113 2001 1186 2080; x_wconf 86' lang='lat' dir='ltr'>luit,</span> 
     </span>
     <span class='ocr_line' id='line_1_15' title="bbox 187 2121 1190 2207; baseline -0.002 -21"><span class='ocrx_word' id='word_1_97' title='bbox 187 2122 269 2206; x_wconf 90' lang='lat' dir='ltr'>quod</span> <span class='ocrx_word' id='word_1_98' title='bbox 300 2122 447 2207; x_wconf 91' lang='lat' dir='ltr'>Dionysio</span> <span class='ocrx_word' id='word_1_99' title='bbox 477 2121 605 2186; x_wconf 83' lang='lat' dir='ltr'>traditae</span> <span class='ocrx_word' id='word_1_100' title='bbox 637 2130 722 2186; x_wconf 91' lang='lat' dir='ltr'>erant</span> <span class='ocrx_word' id='word_1_101' title='bbox 751 2122 855 2186; x_wconf 90' lang='lat' dir='ltr'>literae</span> <span class='ocrx_word' id='word_1_102' title='bbox 882 2145 899 2185; x_wconf 89' lang='lat' dir='ltr'>a</span> <span class='ocrx_word' id='word_1_103' title='bbox 929 2122 1028 2186; x_wconf 89' lang='lat' dir='ltr'>Dione</span> <span class='ocrx_word' id='word_1_104' title='bbox 1057 2122 1095 2185; x_wconf 89' lang='lat' dir='ltr'>ad</span> <span class='ocrx_word' id='word_1_105' title='bbox 1119 2121 1190 2185; x_wconf 83' lang='lat' dir='ltr'>Car·</span> 
     </span>
     <span class='ocr_line' id='line_1_16' title="bbox 102 2236 1192 2326; baseline -0.003 -20"><span class='ocrx_word' id='word_1_106' title='bbox 102 2236 103 2239; x_wconf 25' lang='lat'>¹</span> <span class='ocrx_word' id='word_1_107' title='bbox 187 2242 425 2326; x_wconf 84' lang='lat' dir='ltr'>thaginiensium</span> <span class='ocrx_word' id='word_1_108' title='bbox 454 2241 620 2325; x_wconf 87' lang='lat' dir='ltr'>praefectos</span> <span class='ocrx_word' id='word_1_109' title='bbox 644 2241 772 2319; x_wconf 89' lang='lat' dir='ltr'>missae,</span> <span class='ocrx_word' id='word_1_110' title='bbox 797 2241 910 2325; x_wconf 89' lang='lat' dir='ltr'>quihus</span> <span class='ocrx_word' id='word_1_111' title='bbox 939 2262 989 2305; x_wconf 89' lang='lat' dir='ltr'>eos</span> <span class='ocrx_word' id='word_1_112' title='bbox 1013 2241 1192 2304; x_wconf 88' lang='lat' dir='ltr'>hortabatur</span> 
     </span>
     <span class='ocr_line' id='line_1_17' title="bbox 187 2361 1190 2445; baseline -0.003 -19"><span class='ocrx_word' id='word_1_113' title='bbox 187 2386 226 2426; x_wconf 86' lang='lat' dir='ltr'>ne</span> <span class='ocrx_word' id='word_1_114' title='bbox 253 2361 317 2425; x_wconf 93' lang='lat' dir='ltr'>sine</span> <span class='ocrx_word' id='word_1_115' title='bbox 340 2384 396 2424; x_wconf 87' lang='lat' dir='ltr'>sua</span> <span class='ocrx_word' id='word_1_116' title='bbox 416 2361 630 2424; x_wconf 86' lang='lat' dir='ltr'>intercessione</span> <span class='ocrx_word' id='word_1_117' title='bbox 653 2383 723 2424; x_wconf 89' lang='lat' dir='ltr'>cum</span> <span class='ocrx_word' id='word_1_118' title='bbox 745 2368 873 2445; x_wconf 88' lang='lat' dir='ltr'>tyranno</span> <span class='ocrx_word' id='word_1_119' title='bbox 889 2361 995 2425; x_wconf 85' lang='lat' dir='ltr'>foedus</span> <span class='ocrx_word' id='word_1_120' title='bbox 1008 2361 1149 2424; x_wconf 88' lang='lat' dir='ltr'>facerent.</span> <span class='ocrx_word' id='word_1_121' title='bbox 1167 2361 1190 2444; x_wconf 76' lang='lat'>²)</span> 
     </span>
     <span class='ocr_line' id='line_1_18' title="bbox 192 2479 1192 2565; baseline -0.002 -21"><span class='ocrx_word' id='word_1_122' title='bbox 192 2480 280 2544; x_wconf 91' lang='lat' dir='ltr'>Hanc</span> <span class='ocrx_word' id='word_1_123' title='bbox 306 2479 344 2542; x_wconf 91' lang='lat' dir='ltr'>oh</span> <span class='ocrx_word' id='word_1_124' title='bbox 368 2502 429 2543; x_wconf 90' lang='lat' dir='ltr'>rem</span> <span class='ocrx_word' id='word_1_125' title='bbox 454 2479 492 2543; x_wconf 89' lang='lat' dir='ltr'>ab</span> <span class='ocrx_word' id='word_1_126' title='bbox 515 2479 568 2543; x_wconf 91' lang='lat' dir='ltr'>illo</span> <span class='ocrx_word' id='word_1_127' title='bbox 591 2480 743 2564; x_wconf 81' lang='lat' dir='ltr'>relegatus</span> <span class='ocrx_word' id='word_1_128' title='bbox 767 2487 821 2544; x_wconf 90' lang='lat' dir='ltr'>est.</span> <span class='ocrx_word' id='word_1_129' title='bbox 869 2482 1004 2565; x_wconf 89' lang='lat' dir='ltr'>Apparet</span> <span class='ocrx_word' id='word_1_130' title='bbox 1026 2479 1192 2564; x_wconf 64' lang='lat' dir='ltr'>igiturui-</span> 
     </span>
    </p>

    <p class='ocr_par' dir='ltr' id='par_1_4' title="bbox 132 2598 1191 2920">
     <span class='ocr_line' id='line_1_19' title="bbox 191 2598 1191 2684; baseline -0.001 -22"><span class='ocrx_word' id='word_1_131' title='bbox 191 2599 329 2684; x_wconf 91' lang='lat' dir='ltr'>0nysium</span> <span class='ocrx_word' id='word_1_132' title='bbox 352 2599 479 2661; x_wconf 90' lang='lat' dir='ltr'>nonita</span> <span class='ocrx_word' id='word_1_133' title='bbox 501 2598 650 2661; x_wconf 90' lang='lat' dir='ltr'>immerito</span> <span class='ocrx_word' id='word_1_134' title='bbox 674 2622 691 2662; x_wconf 91' lang='lat' dir='ltr'>a</span> <span class='ocrx_word' id='word_1_135' title='bbox 714 2599 813 2663; x_wconf 91' lang='lat' dir='ltr'>Dione</span> <span class='ocrx_word' id='word_1_136' title='bbox 838 2599 895 2663; x_wconf 91' lang='lat' dir='ltr'>sibi</span> <span class='ocrx_word' id='word_1_137' title='bbox 917 2600 1078 2677; x_wconf 89' lang='lat' dir='ltr'>metuisse,</span> <span class='ocrx_word' id='word_1_138' title='bbox 1096 2621 1191 2682; x_wconf 91' lang='lat' dir='ltr'>quum</span> 
     </span>
     <span class='ocr_line' id='line_1_20' title="bbox 132 2690 1191 2802; baseline -0.001 -20"><span class='ocrx_word' id='word_1_139' title='bbox 132 2690 136 2703; x_wconf 37' lang='lat'>¹</span> <span class='ocrx_word' id='word_1_140' title='bbox 191 2718 319 2802; x_wconf 88' lang='lat' dir='ltr'>epistola</span> <span class='ocrx_word' id='word_1_141' title='bbox 344 2739 406 2780; x_wconf 89' lang='lat' dir='ltr'>rem</span> <span class='ocrx_word' id='word_1_142' title='bbox 429 2717 473 2780; x_wconf 89' lang='lat' dir='ltr'>ita</span> <span class='ocrx_word' id='word_1_143' title='bbox 495 2725 661 2801; x_wconf 86' lang='lat' dir='ltr'>proponat,</span> <span class='ocrx_word' id='word_1_144' title='bbox 686 2719 773 2801; x_wconf 89' lang='lat' dir='ltr'>quasi</span> <span class='ocrx_word' id='word_1_145' title='bbox 799 2718 961 2782; x_wconf 87' lang='lat' dir='ltr'>discidium</span> <span class='ocrx_word' id='word_1_146' title='bbox 976 2717 1055 2782; x_wconf 91' lang='lat' dir='ltr'>illud</span> <span class='ocrx_word' id='word_1_147' title='bbox 1070 2717 1191 2802; x_wconf 88' lang='lat' dir='ltr'>tyranni</span> 
     </span>
     <span class='ocr_line' id='line_1_21' title="bbox 191 2835 733 2920; baseline 0 -22"><span class='ocrx_word' id='word_1_148' title='bbox 191 2843 311 2899; x_wconf 89' lang='lat' dir='ltr'>tantum</span> <span class='ocrx_word' id='word_1_149' title='bbox 334 2835 442 2920; x_wconf 89' lang='lat' dir='ltr'>culpae</span> <span class='ocrx_word' id='word_1_150' title='bbox 465 2835 661 2899; x_wconf 89' lang='lat' dir='ltr'>tribuendum</span> <span class='ocrx_word' id='word_1_151' title='bbox 685 2836 733 2899; x_wconf 88' lang='lat' dir='ltr'>sit.</span> 
     </span>
    </p>
   </div>
   <div class='ocr_carea' id='block_1_3' title="bbox 237 2952 1193 3034">
    <p class='ocr_par' dir='ltr' id='par_1_5' title="bbox 237 2952 1193 3034">
     <span class='ocr_line' id='line_1_22' title="bbox 237 2952 1193 3034; baseline 0.002 -18"><span class='ocrx_word' id='word_1_152' title='bbox 237 2953 328 3034; x_wconf 76' lang='lat' dir='ltr'>Quod</span> <span class='ocrx_word' id='word_1_153' title='bbox 344 2953 432 3016; x_wconf 90' lang='lat' dir='ltr'>Plato</span> <span class='ocrx_word' id='word_1_154' title='bbox 448 2952 538 3016; x_wconf 89' lang='lat' dir='ltr'>dicit:</span> <span class='ocrx_word' id='word_1_155' title='bbox 563 2952 660 3019; x_wconf 73' lang='lat' dir='ltr'>Alaea</span> <span class='ocrx_word' id='word_1_156' title='bbox 683 2953 862 3024; x_wconf 72' lang='grc' dir='ltr'><em>Διονύσιος..</em></span> <span class='ocrx_word' id='word_1_157' title='bbox 879 3007 885 3019; x_wconf 94' lang='lat'>.</span> <span class='ocrx_word' id='word_1_158' title='bbox 909 2954 1025 3034; x_wconf 77' lang='grc' dir='ltr'><em>σμικρὸν</em></span> <span class='ocrx_word' id='word_1_159' title='bbox 1045 2956 1193 3026; x_wconf 66' lang='lat' dir='ltr'>strateius</span> 
     </span>
    </p>
   </div>
   <div class='ocr_carea' id='block_1_4' title="bbox 115 3070 1273 3395">
    <p class='ocr_par' dir='ltr' id='par_1_6' title="bbox 115 3070 1273 3395">
     <span class='ocr_line' id='line_1_23' title="bbox 193 3070 1193 3150; baseline -0.001 -13"><span class='ocrx_word' id='word_1_160' title='bbox 193 3073 366 3150; x_wconf 63' lang='grc' dir='ltr'><em>ἐμβιβάσας</em></span> <span class='ocrx_word' id='word_1_161' title='bbox 390 3070 531 3149; x_wconf 61' lang='lat' dir='ltr'>{iidata</span> <span class='ocrx_word' id='word_1_162' title='bbox 561 3072 691 3150; x_wconf 65' lang='lat' dir='ltr'>ciriaca,</span> <span class='ocrx_word' id='word_1_163' title='bbox 716 3072 747 3134; x_wconf 90' lang='lat' dir='ltr'>id</span> <span class='ocrx_word' id='word_1_164' title='bbox 771 3073 904 3136; x_wconf 89' lang='lat' dir='ltr'>concinit</span> <span class='ocrx_word' id='word_1_165' title='bbox 928 3096 995 3136; x_wconf 90' lang='lat' dir='ltr'>cum</span> <span class='ocrx_word' id='word_1_166' title='bbox 1023 3074 1193 3136; x_wconf 88' lang='lat' dir='ltr'>narratione</span> 
     </span>
     <span class='ocr_line' id='line_1_24' title="bbox 193 3191 1192 3276; baseline -0.001 -21"><span class='ocrx_word' id='word_1_167' title='bbox 193 3191 324 3269; x_wconf 81' lang='lat' dir='ltr'>Timaei,</span> <span class='ocrx_word' id='word_1_168' title='bbox 349 3214 438 3276; x_wconf 90' lang='lat' dir='ltr'>quem</span> <span class='ocrx_word' id='word_1_169' title='bbox 463 3191 519 3254; x_wconf 87' lang='lat' dir='ltr'>hac</span> <span class='ocrx_word' id='word_1_170' title='bbox 541 3191 573 3254; x_wconf 94' lang='lat' dir='ltr'>in</span> <span class='ocrx_word' id='word_1_171' title='bbox 596 3214 628 3255; x_wconf 90' lang='lat' dir='ltr'>re</span> <span class='ocrx_word' id='word_1_172' title='bbox 650 3199 772 3255; x_wconf 89' lang='lat' dir='ltr'>secutus</span> <span class='ocrx_word' id='word_1_173' title='bbox 796 3198 841 3255; x_wconf 86' lang='lat' dir='ltr'>est</span> <span class='ocrx_word' id='word_1_174' title='bbox 864 3192 1065 3270; x_wconf 88' lang='lat' dir='ltr'>Plutarchus,</span> <span class='ocrx_word' id='word_1_175' title='bbox 1089 3215 1114 3256; x_wconf 89' lang='lat' dir='ltr'>c.</span> <span class='ocrx_word' id='word_1_176' title='bbox 1136 3193 1192 3254; x_wconf 71' lang='lat' dir='ltr'>lt:</span> 
     </span>
     <span class='ocr_line' id='line_1_25' title="bbox 115 3301 1273 3395; baseline -0.001 -19"><span class='ocrx_word' id='word_1_177' title='bbox 115 3332 124 3345; x_wconf 74' lang='lat'><em>⁴</em></span> <span class='ocrx_word' id='word_1_178' title='bbox 193 3312 289 3393; x_wconf 73' lang='grc' dir='ltr'><em>εὐθὺς,</em></span> <span class='ocrx_word' id='word_1_179' title='bbox 313 3312 350 3382; x_wconf 82' lang='grc' dir='ltr'>ὡς</span> <span class='ocrx_word' id='word_1_180' title='bbox 381 3305 460 3390; x_wconf 79' lang='grc' dir='ltr'><em>εἶχε,</em></span> <span class='ocrx_word' id='word_1_181' title='bbox 486 3311 596 3387; x_wconf 77' lang='grc' dir='ltr'><em>θέμενος</em></span> <span class='ocrx_word' id='word_1_182' title='bbox 619 3310 739 3395; x_wconf 72' lang='lat' dir='ltr'>(utera)</span> <span class='ocrx_word' id='word_1_183' title='bbox 769 3312 808 3381; x_wconf 81' lang='grc' dir='ltr'>εἷς</span> <span class='ocrx_word' id='word_1_184' title='bbox 840 3310 1003 3389; x_wconf 67' lang='grc' dir='ltr'>ἀκάτιον,</span> <span class='ocrx_word' id='word_1_185' title='bbox 1035 3310 1193 3391; x_wconf 71' lang='grc' dir='ltr'><em>προσέταξε</em></span> <span class='ocrx_word' id='word_1_186' title='bbox 1268 3301 1273 3308; x_wconf 55' lang='grc'>’</span> 
     </span>
    </p>
   </div>
   <div class='ocr_carea' id='block_1_5' title="bbox 195 3480 386 3488">
    <p class='ocr_par' dir='ltr' id='par_1_7' title="bbox 195 3480 386 3488">
     <span class='ocr_line' id='line_1_26' title="bbox 195 3480 386 3488; baseline 0.005 -1"><span class='ocrx_word' id='word_1_187' title='bbox 195 3480 386 3488; x_wconf 71' lang='lat'>----....-—</span> 
     </span>
    </p>
   </div>
   <div class='ocr_carea' id='block_1_6' title="bbox 227 3580 1195 3646">
    <p class='ocr_par' dir='ltr' id='par_1_8' title="bbox 227 3580 1195 3646">
     <span class='ocr_line' id='line_1_27' title="bbox 227 3580 1195 3646; baseline 0.001 -16"><span class='ocrx_word' id='word_1_188' title='bbox 227 3583 249 3642; x_wconf 78' lang='lat'>1)</span> <span class='ocrx_word' id='word_1_189' title='bbox 266 3582 394 3646; x_wconf 82' lang='lat' dir='ltr'>Dionysius</span> <span class='ocrx_word' id='word_1_190' title='bbox 411 3582 487 3631; x_wconf 86' lang='lat' dir='ltr'>maior</span> <span class='ocrx_word' id='word_1_191' title='bbox 503 3580 561 3630; x_wconf 85' lang='lat' dir='ltr'>duas</span> <span class='ocrx_word' id='word_1_192' title='bbox 578 3581 659 3630; x_wconf 89' lang='lat' dir='ltr'>habuit</span> <span class='ocrx_word' id='word_1_193' title='bbox 677 3595 775 3640; x_wconf 80' lang='lat' dir='ltr'>uxores,</span> <span class='ocrx_word' id='word_1_194' title='bbox 793 3581 892 3631; x_wconf 85' lang='lat' dir='ltr'>alteram</span> <span class='ocrx_word' id='word_1_195' title='bbox 910 3581 1047 3640; x_wconf 88' lang='lat' dir='ltr'>Locridem,</span> <span class='ocrx_word' id='word_1_196' title='bbox 1067 3586 1195 3645; x_wconf 86' lang='lat' dir='ltr'>cquatres</span> 
     </span>
    </p>
   </div>
   <div class='ocr_carea' id='block_1_7' title="bbox 193 3663 1284 3739">
    <p class='ocr_par' dir='ltr' id='par_1_9' title="bbox 193 3663 1284 3739">
     <span class='ocr_line' id='line_1_28' title="bbox 193 3663 1284 3739; baseline -0.001 -15"><span class='ocrx_word' id='word_1_197' title='bbox 193 3677 261 3725; x_wconf 90' lang='lat' dir='ltr'>liberi</span> <span class='ocrx_word' id='word_1_198' title='bbox 279 3677 299 3725; x_wconf 86' lang='lat' dir='ltr'>ei</span> <span class='ocrx_word' id='word_1_199' title='bbox 318 3677 427 3735; x_wconf 84' lang='lat' dir='ltr'>fuerunt,</span> <span class='ocrx_word' id='word_1_200' title='bbox 445 3676 470 3724; x_wconf 89' lang='lat' dir='ltr'>in</span> <span class='ocrx_word' id='word_1_201' title='bbox 488 3675 525 3724; x_wconf 87' lang='lat' dir='ltr'>his</span> <span class='ocrx_word' id='word_1_202' title='bbox 541 3675 685 3739; x_wconf 84' lang='lat' dir='ltr'>Dionysius,</span> <span class='ocrx_word' id='word_1_203' title='bbox 702 3676 801 3725; x_wconf 87' lang='lat' dir='ltr'>alteram</span> <span class='ocrx_word' id='word_1_204' title='bbox 818 3663 1011 3736; x_wconf 82' lang='lat' dir='ltr'>Aristomachen,</span> <span class='ocrx_word' id='word_1_205' title='bbox 1029 3676 1114 3725; x_wconf 90' lang='lat' dir='ltr'>Dionis</span> <span class='ocrx_word' id='word_1_206' title='bbox 1132 3694 1196 3727; x_wconf 84' lang='lat' dir='ltr'>soro·</span> <span class='ocrx_word' id='word_1_207' title='bbox 1282 3720 1284 3723; x_wconf 88' lang='lat'>.</span> 
     </span>
    </p>
   </div>
   <div class='ocr_carea' id='block_1_8' title="bbox 193 3771 1196 3837">
    <p class='ocr_par' dir='ltr' id='par_1_10' title="bbox 193 3771 1196 3837">
     <span class='ocr_line' id='line_1_29' title="bbox 193 3771 1196 3837; baseline 0.001 -16"><span class='ocrx_word' id='word_1_208' title='bbox 193 3788 255 3832; x_wconf 90' lang='lat' dir='ltr'>rem,</span> <span class='ocrx_word' id='word_1_209' title='bbox 274 3789 333 3836; x_wconf 87' lang='lat' dir='ltr'>quae</span> <span class='ocrx_word' id='word_1_210' title='bbox 350 3773 409 3820; x_wconf 86' lang='lat' dir='ltr'>duos</span> <span class='ocrx_word' id='word_1_211' title='bbox 426 3772 486 3821; x_wconf 84' lang='lat' dir='ltr'>filios</span> <span class='ocrx_word' id='word_1_212' title='bbox 503 3771 650 3835; x_wconf 89' lang='lat' dir='ltr'>totidemque</span> <span class='ocrx_word' id='word_1_213' title='bbox 667 3771 727 3821; x_wconf 86' lang='lat' dir='ltr'>filias</span> <span class='ocrx_word' id='word_1_214' title='bbox 739 3772 760 3820; x_wconf 91' lang='lat' dir='ltr'>ei</span> <span class='ocrx_word' id='word_1_215' title='bbox 769 3772 862 3836; x_wconf 87' lang='lat' dir='ltr'>peperit</span> <span class='ocrx_word' id='word_1_216' title='bbox 874 3773 948 3834; x_wconf 89' lang='lat' dir='ltr'>(Plut.</span> <span class='ocrx_word' id='word_1_217' title='bbox 961 3789 981 3822; x_wconf 92' lang='lat' dir='ltr'>c.</span> <span class='ocrx_word' id='word_1_218' title='bbox 994 3774 1016 3821; x_wconf 83' lang='lat'>6.</span> <span class='ocrx_word' id='word_1_219' title='bbox 1030 3772 1122 3837; x_wconf 88' lang='lat' dir='ltr'>Nepos,</span> <span class='ocrx_word' id='word_1_220' title='bbox 1134 3790 1154 3823; x_wconf 90' lang='lat' dir='ltr'>c.</span> <span class='ocrx_word' id='word_1_221' title='bbox 1163 3774 1196 3834; x_wconf 77' lang='lat'>2).</span> 
     </span>
    </p>
   </div>
   <div class='ocr_carea' id='block_1_9' title="bbox 227 3866 1272 3933">
    <p class='ocr_par' dir='ltr' id='par_1_11' title="bbox 227 3866 1272 3933">
     <span class='ocr_line' id='line_1_30' title="bbox 227 3866 1272 3933; baseline 0 -16"><span class='ocrx_word' id='word_1_222' title='bbox 227 3870 251 3928; x_wconf 77' lang='grc'>2)</span> <span class='ocrx_word' id='word_1_223' title='bbox 268 3868 389 3917; x_wconf 86' lang='lat' dir='ltr'>Plutarch.</span> <span class='ocrx_word' id='word_1_224' title='bbox 405 3886 425 3917; x_wconf 89' lang='lat' dir='ltr'>e.</span> <span class='ocrx_word' id='word_1_225' title='bbox 439 3870 477 3917; x_wconf 79' lang='lat'>14.</span> <span class='ocrx_word' id='word_1_226' title='bbox 495 3868 566 3917; x_wconf 91' lang='lat' dir='ltr'>Dioni</span> <span class='ocrx_word' id='word_1_227' title='bbox 580 3883 633 3916; x_wconf 88' lang='lat' dir='ltr'>eum</span> <span class='ocrx_word' id='word_1_228' title='bbox 648 3867 779 3917; x_wconf 89' lang='lat' dir='ltr'>Poenorum</span> <span class='ocrx_word' id='word_1_229' title='bbox 797 3868 895 3917; x_wconf 87' lang='lat' dir='ltr'>ducibus</span> <span class='ocrx_word' id='word_1_230' title='bbox 912 3866 983 3916; x_wconf 83' lang='lat' dir='ltr'>fuisse</span> <span class='ocrx_word' id='word_1_231' title='bbox 1000 3869 1196 3917; x_wconf 84' lang='lat' dir='ltr'>necessitudinem</span> <span class='ocrx_word' id='word_1_232' title='bbox 1270 3931 1272 3933; x_wconf 64' lang='lat'>‚</span> 
     </span>
    </p>
   </div>
   <div class='ocr_carea' id='block_1_10' title="bbox 194 3945 1196 4221">
    <p class='ocr_par' dir='ltr' id='par_1_12' title="bbox 194 3945 1196 4221">
     <span class='ocr_line' id='line_1_31' title="bbox 194 3945 1196 4029; baseline 0.001 -17"><span class='ocrx_word' id='word_1_233' title='bbox 194 3968 291 4028; x_wconf 86' lang='lat' dir='ltr'>apparet</span> <span class='ocrx_word' id='word_1_234' title='bbox 316 3981 343 4012; x_wconf 84' lang='lat' dir='ltr'>ex</span> <span class='ocrx_word' id='word_1_235' title='bbox 370 3981 397 4013; x_wconf 89' lang='lat' dir='ltr'>eo</span> <span class='ocrx_word' id='word_1_236' title='bbox 423 3945 498 4027; x_wconf 88' lang='lat' dir='ltr'>quod,</span> <span class='ocrx_word' id='word_1_237' title='bbox 516 3980 589 4029; x_wconf 89' lang='lat' dir='ltr'>quum</span> <span class='ocrx_word' id='word_1_238' title='bbox 606 3968 686 4026; x_wconf 87' lang='lat' dir='ltr'>postea</span> <span class='ocrx_word' id='word_1_239' title='bbox 703 3963 727 4011; x_wconf 89' lang='lat' dir='ltr'>iu</span> <span class='ocrx_word' id='word_1_240' title='bbox 745 3963 850 4012; x_wconf 86' lang='lat' dir='ltr'>Siciliam</span> <span class='ocrx_word' id='word_1_241' title='bbox 867 3964 955 4013; x_wconf 86' lang='lat' dir='ltr'>bellurn</span> <span class='ocrx_word' id='word_1_242' title='bbox 972 3962 1085 4022; x_wconf 86' lang='lat' dir='ltr'>inferret,</span> <span class='ocrx_word' id='word_1_243' title='bbox 1103 3964 1132 4012; x_wconf 88' lang='lat' dir='ltr'>ad</span> <span class='ocrx_word' id='word_1_244' title='bbox 1149 3965 1196 4013; x_wconf 94' lang='lat' dir='ltr'>Mi-</span> 
     </span>
     <span class='ocr_line' id='line_1_32' title="bbox 195 4060 1195 4125; baseline 0 -15"><span class='ocrx_word' id='word_1_245' title='bbox 195 4078 262 4110; x_wconf 87' lang='lat' dir='ltr'>noam</span> <span class='ocrx_word' id='word_1_246' title='bbox 280 4062 405 4125; x_wconf 85' lang='lat' dir='ltr'>appulsus,</span> <span class='ocrx_word' id='word_1_247' title='bbox 424 4061 519 4125; x_wconf 87' lang='lat' dir='ltr'>adjutus</span> <span class='ocrx_word' id='word_1_248' title='bbox 535 4067 572 4110; x_wconf 84' lang='lat' dir='ltr'>est</span> <span class='ocrx_word' id='word_1_249' title='bbox 588 4078 602 4109; x_wconf 85' lang='lat' dir='ltr'>r</span> <span class='ocrx_word' id='word_1_250' title='bbox 618 4061 753 4111; x_wconf 85' lang='lat' dir='ltr'>Poenorum</span> <span class='ocrx_word' id='word_1_251' title='bbox 772 4062 831 4110; x_wconf 91' lang='lat' dir='ltr'>duce</span> <span class='ocrx_word' id='word_1_252' title='bbox 848 4061 945 4119; x_wconf 78' lang='lat' dir='ltr'>Persio,</span> <span class='ocrx_word' id='word_1_253' title='bbox 964 4065 991 4109; x_wconf 86' lang='lat' dir='ltr'>ut</span> <span class='ocrx_word' id='word_1_254' title='bbox 1008 4060 1128 4109; x_wconf 86' lang='lat' dir='ltr'>Diodorus</span> <span class='ocrx_word' id='word_1_255' title='bbox 1142 4077 1195 4110; x_wconf 87' lang='lat' dir='ltr'>eum</span> 
     </span>
     <span class='ocr_line' id='line_1_33' title="bbox 195 4156 1120 4221; baseline 0 -15"><span class='ocrx_word' id='word_1_256' title='bbox 195 4157 315 4215; x_wconf 83' lang='lat' dir='ltr'>nominat,</span> <span class='ocrx_word' id='word_1_257' title='bbox 335 4163 361 4206; x_wconf 90' lang='lat' dir='ltr'>ut</span> <span class='ocrx_word' id='word_1_258' title='bbox 377 4156 520 4206; x_wconf 83' lang='lat' dir='ltr'>Plutarchus</span> <span class='ocrx_word' id='word_1_259' title='bbox 537 4174 557 4207; x_wconf 92' lang='lat' dir='ltr'>c.</span> <span class='ocrx_word' id='word_1_260' title='bbox 576 4158 620 4216; x_wconf 79' lang='lat'>25,</span> <span class='ocrx_word' id='word_1_261' title='bbox 638 4157 738 4221; x_wconf 82' lang='lat' dir='ltr'>Synalo,</span> <span class='ocrx_word' id='word_1_262' title='bbox 755 4172 856 4220; x_wconf 87' lang='lat' dir='ltr'>quocum</span> <span class='ocrx_word' id='word_1_263' title='bbox 874 4157 895 4205; x_wconf 89' lang='lat' dir='ltr'>ei</span> <span class='ocrx_word' id='word_1_264' title='bbox 913 4156 1044 4220; x_wconf 87' lang='lat' dir='ltr'>hospitium</span> <span class='ocrx_word' id='word_1_265' title='bbox 1061 4161 1120 4206; x_wconf 82' lang='lat' dir='ltr'>crat.</span> 
     </span>
    </p>
   </div>
   <div class='ocr_carea' id='block_1_11' title="bbox 0 0 1392 4950">
    <p class='ocr_par' dir='ltr' id='par_1_13' title="bbox 0 0 1392 4950">
     <span class='ocr_line' id='line_1_34' title="bbox 0 0 1392 4950; baseline 0 0"><span class='ocrx_word' id='word_1_266' title='bbox 0 0 1392 4950; x_wconf 95' lang='lat' dir='ltr'> </span> 
     </span>
    </p>
   </div>
  </div>
 </body>
</html>
