2746 4950
551 381 613 441 203

79 588 175 651 tentia
207 596 306 651 essent
339 588 501 673 expositae.
549 587 606 650 His
635 609 696 650 non
729 609 816 650 suam
839 587 935 670 ipsius
959 585 1011 648 sed
1034 584 1085 647 So·

79 708 169 770 cratis
193 706 418 791 philosophiam
441 706 589 770 contineri
612 705 687 768 dicit
701 705 734 768 in
750 701 888 790 Epistola
903 703 955 781 ΙΙ,
973 727 1002 789 p.
1020 706 1084 767 314

80 824 123 901 B,
150 823 188 887 ad
211 824 392 908 Dionysium
416 824 491 888 haec
514 823 665 887 scribens:
697 823 825 900 μεγίστη
855 823 885 886 δὲ
907 824 1028 902 φυλακὴ
1052 821 1084 885 τὸ

78 947 120 1019 μὴ
143 944 342 1024 γράφειν,...
368 945 399 1007 οὐ
415 944 473 1060 γοὶρ
493 945 554 1007 ἐστι
574 967 615 1006 τα
633 926 789 1024 γραφέντα
810 944 852 1020 μὴ
871 945 920 1006 οὐκ
939 943 1083 1005 ἐκπεσεῖν.

79 1063 126 1127 δνσὶ
148 1066 235 1127 ταῦτ’
259 1063 334 1126 οὐδὲν
361 1063 471 1126 πώποτ’
490 1063 547 1139 ἐγὼ
571 1061 763 1141 περὶτούτων
787 1062 860 1140 γε’γρ
864 1067 932 1141 αφα
952 1060 1083 1126 1111111

79 1180 270 1259 ξύγγραμμα
291 1179 446 1252 Πλάτωνος
469 1180 545 1244 οὐδὲν
568 1179 623 1244 οὐδ’
648 1179 746 1263 ἔσται,
769 1181 810 1244 τοὶ
834 1180 862 1243 δὲ
873 1185 920 1243 νῦν
932 1179 1083 1255 λεγόμενοι

80 1299 249 1379 Σωκροὶτους
272 1299 332 1362 ἐστὶ
356 1304 447 1363 καλοῦ
471 1299 520 1362 καὶ
537 1300 595 1363 νέου
612 1298 781 1375 γεγονότος.
800 1301 822 1383 ¹)
842 1298 872 1362 11.
887 1321 913 1362 1.
929 1297 990 1375 „de
1007 1298 1086 1382 prin·

80 1418 167 1502 oipiis
197 1417 407 1502 philosophiae
439 1417 585 1501 scriptum
607 1417 729 1480 nullum
752 1417 889 1481 Platonis
913 1423 1010 1481 exstat
1034 1425 1087 1480 aut

81 1537 225 1614 exstabit3
251 1557 328 1620 quae
348 1544 450 1600 autem
464 1559 532 1600 meo
547 1539 669 1601 nomine
685 1537 830 1621 inscripta
845 1537 1000 1613 feruntur,
1024 1558 1087 1599 non

10 1735 15 1754 .
80 1665 179 1718 meam
202 1654 370 1718 doctrinam
393 1656 550 1744 continent
574 1657 626 1720 sed
647 1657 776 1741 effigiem
797 1657 933 1720 referunt
956 1655 1086 1719 Socratis

81 1773 123 1855 (h.
137 1790 162 1837 1.
180 1772 326 1837 Socratici
341 1773 509 1838 disserendi
528 1777 649 1860 moris),
676 1775 842 1860 etquidem
859 1775 1006 1850 Socratis,
1025 1796 1087 1837 non

81 1891 181 1975 qualis
211 1893 271 1955 fuit.
301 1893 443 1956 annist
413 1898 443 1956 et
467 1894 585 1977 sapient
572 1895 615 1956 tia
647 1900 799 1971 maturus,
825 1893 877 1958 sed
905 1893 1088 1976 qualist
1029 1892 1088 1955 fuit

80 2009 310 2074 adolescenst
281 2020 310 2074 et
334 2011 431 2075 bellus
457 2035 479 2074 s.
498 2012 617 2096 lepidus
642 2035 675 2076 ac
691 2013 771 2076 facet
759 2013 829 2076 tus’
831 2013 956 2096 ’Ergo
972 2011 1086 2095 dialogi

80 2151 143 2192 non
167 2137 239 2192 sunt
261 2150 352 2214 opera
375 2131 468 2208 seria,
499 2130 552 2194 sed
575 2130 770 2194 ludicrat
716 2140 770 2215 pot
771 2132 875 2209 ius‚e
860 2131 1009 2215 equibus
1033 2151 1087 2193 nec

80 2247 218 2310 Platonis
249 2267 348 2331 neque
377 2249 474 2333 ipsius
507 2248 639 2313 Socratis
672 2250 821 2334 sapientia
845 2250 958 2334 percipi
982 2250 1086 2333 possit.

79 2364 169 2429 Idem
203 2366 235 2428 in
269 2365 407 2450 Epistola
441 2366 506 2430 VII
541 2366 654 2431 diserte
690 2368 856 2432 affirmatur
889 2368 937 2431 1111
972 2368 1088 2444 verbis,

80 2506 112 2569 p.
145 2486 207 2546 341
239 2483 284 2561 B‚'
313 2482 355 2547 C:
382 2485 494 2549 τοσόνδε
517 2510 554 2563 γε
577 2487 634 2563 μὴν
658 2485 720 2566 περὶ
744 2486 860 2551 πάντων
883 2487 944 2567 ἔχω
970 2485 1089 2568 Φροέζεον

80 2609 136 2666 τῶν
155 2602 349 2683 γεγραφότων
368 2603 417 2667 tal
437 2603 624 2684 γροοψόντων·
639 2656 645 2669 .
662 2656 690 2670 ..
716 2604 832 2676 τούτους
857 2608 907 2670 οὐκ
926 2605 988 2668 ἔστι
1009 2604 1089 2668 aurel

80 2745 120 2796 γε
141 2722 192 2794 τὴν
213 2722 284 2796 ἐμὴν
303 2719 388 2796 δόξαν
404 2723 466 2800 περὶ
482 2728 533 2786 τοῦ
550 2721 727 2800 πράγματος
744 2723 854 2787 ἐπαΐειν
869 2723 966 2787 οὐδέν.
992 2723 1089 2786 οὔκουν

81 2839 150 2916 ἐμόν
177 2863 214 2916 γε
234 2839 296 2918 περὶ
316 2842 408 2903 αὐτῶν
430 2840 490 2905 ε’στ1
511 2839 703 2920 ἕύγγραμμα
731 2841 791 2906 οὐδὲ
811 2843 926 2918 μήποτε
947 2840 1086 2918 γένητ111“

80 2957 161 3037 §atla
184 2957 242 3037 γὰρ
266 2958 396 3032 οὐδαμῶς
419 2960 496 3023 ἐστὶν
518 2961 554 3028 ὡς
573 2956 657 3021 ἄλλα
678 2960 859 3036 μαθήματα,
881 2961 950 3022 ἀλλ’
970 2960 1002 3021 ἐκ
1021 2973 1090 3022 τυλ-

79 3084 136 3150 λῆς
165 3075 313 3152 ξυνουσίας
342 3076 514 3153 γιγνομένης
547 3078 608 3157 περὶ
640 3078 673 3142 τὸ
704 3083 833 3176 τροὶγαα
864 3078 936 3143 αὐτὸ
962 3079 1011 3141 καὶ
1035 3081 1089 3161 (ἐκ)

80 3202 133 3260 τοῦ
156 3194 240 3276 συζῆν
263 3193 401 3274 ἐξαίφνης
424 3191 476 3259 οἷον
499 3197 558 3259 cirri
579 3197 664 3275 τυρὸς
685 3198 864 3271 πηδήσαντος
883 3197 1007 3275 ἐξαφθὲν
1027 3203 1089 3275 φῶς
1128 3248 1129 3251 .

118 3495 141 3556 l)
160 3494 226 3543 Idem
249 3494 413 3552 enuntiatum,
438 3496 493 3544 inde
510 3514 523 3544 a
540 3497 618 3545 verbis
635 3495 680 3548 αὖθ’
694 3502 745 3550 ἔστι
762 3499 905 3567 ξὺγγραμμα
922 3497 1030 3545 Platonis
1048 3513 1089 3544 uo·

82 3591 147 3641 mina
169 3591 257 3640 citatur
281 3591 305 3638 111
328 3591 393 3640 Soor.
416 3591 494 3657 Epist.
512 3589 561 3641 XV.
597 3592 708 3642 Diversae
726 3594 811 3660 horum
830 3593 955 3642 verborum
973 3593 1091 3655 interpre-

81 3686 186 3735 tationes
209 3689 370 3735 memo'rantrtr
393 3703 407 3735 a
424 3688 575 3752 Wiegaudio,
593 3689 609 3737 1.
627 3689 644 3738 1.
662 3705 684 3753 p.
703 3691 734 3738 24
751 3705 816 3753 sqq,
835 3689 875 3752 qui
892 3689 942 3753 ipse
958 3689 1091 3737 Hermanni
1131 3721 1133 3731 .

81 3781 302 3846 interpretationem
320 3782 440 3845 sequitur:
468 3783 553 3842 ,11111
580 3801 626 3833 was
653 3791 723 3833 untcr
739 3784 829 3833 Plato’s
848 3785 939 3832 Namen
956 3783 1091 3832 schrittlieh

82 3877 190 3933 existite,
207 3877 293 3941 gehire
311 3877 371 3926 dem
390 3877 567 3944 verjiingten
585 3881 642 3928 und
661 3882 895 3930 verschonerten
910 3880 1019 3928 Socrates
1031 3879 1093 3936 an,'’

82 3950 198 4036 putatque
220 3989 233 4020 a
255 3973 369 4036 scriptore
389 3973 502 4038 distingui
528 3975 663 4033 Socratem,
687 3975 764 4038 qualis
793 3975 817 4045 111
839 3975 900 4024 vivis
924 3976 1024 4032 erat5'n
1050 3975 1091 4023 So·

81 4073 148 4115 crate
164 4067 287 4116 Platonico
310 4069 338 4116 ad
356 4068 456 4132 effigiem
475 4069 573 4132 perfecti
592 4070 725 4133 philosophi
743 4070 846 4135 scripto,
865 4085 934 4132 quern
954 4070 1087 4135 germanice

83 4163 171 4212 dixeris
189 4163 242 4211 den
261 4163 450 4213 idealisirten
468 4165 614 4214 Socrates.
