2746 4950
658 361 699 419 54

175 568 216 631 τα
243 566 306 647 περὶ
338 567 434 631 Διίονα
465 565 583 644 ὑπάρξει
690 567 714 628 εἰ
743 564 772 629 δὲ
794 567 852 642 μή,
875 564 952 629 οὐδέν
974 588 1015 628 σοι
1038 572 1095 630 τῶν
1119 566 1185 647 περὶ

177 687 274 751 Δίωνα
303 682 359 761 ἕξει
390 683 576 765 πραγμάτων
603 684 668 749 οὔτε
695 683 758 762 τεοὶ
784 683 888 749 τᾶλλα
918 683 982 749 οὔτε
1005 687 1069 766 περὶ
1093 686 1185 752 αὐτὸν

176 805 257 870 κατα
285 810 347 869 νοῦν
373 804 537 882 γιγνόμενα
558 804 590 887 (l.
615 803 804 887 γιγνόμενον).
826 827 856 888 p.
878 805 941 866 351
963 803 1007 868 D:
1032 801 1108 875 ὅσιοι
1124 807 1186 888 γὰρ

177 922 318 1004 ἄνθρακος
349 924 466 988 ανοσίαν
494 922 557 1003 περὶ
664 926 714 989 οὐκ
743 921 780 987 ἄν
813 946 884 986 ποτε
914 924 1099 1002 διαψευσθείη
1129 934 1185 999 τῆς

176 1050 280 1124 ψυχῆς
302 1049 357 1107 τῶν
380 1041 510 1107 τοιούτων
541 1042 623 1123 κτενί.4
659 1040 771 1106 Nonne
802 1040 875 1105 haec
899 1051 1034 1126 arguunt
1057 1043 1186 1128 scripto

176 1184 240 1225 rem
263 1160 327 1225 sine
347 1160 464 1246 judicio
488 1160 628 1244 imperite
660 1160 794 1224 Atticam
817 1159 963 1245 loquendi
986 1161 1185 1227 consuetudi·

176 1303 246 1343 nem
269 1277 480 1342 affectantem?
499 1279 521 1360 Ι)

222 1397 354 1461 Attende
377 1418 465 1482 porro
489 1417 567 1479 quae
590 1404 779 1478 sequuntur:
804 1397 883 1472 μετα
906 1396 936 1460 δε
958 1402 1042 1461 τοῦτο
1061 1397 1183 1473 διενοήθη

178 1517 220 1593 μή
246 1514 330 1592 μόνον
360 1517 389 1580 ἐν
412 1516 490 1595 αὐτῷ
513 1516 579 1578 τοτ’
603 1512 639 1578 ἂν
661 1514 794 1589 γενεσθαι
824 1514 936 1590 ταύτην
958 1515 1010 1588 τήν
1038 1515 1183 1590 διανοίαν,

180 1632 212 1708 ήν
235 1634 321 1706 αὐτὸς
345 1634 400 1698 ὑπὸ
423 1639 478 1698 τῶν
500 1632 579 1713 ὄρθιον
601 1633 696 1710 λόγων
719 1631 824 1716 ἔσχεν,
848 1632 1056 1710 ἐγγιγνομένην
1081 1634 1111 1698 δὲ
1134 1639 1186 1700 αὐ-

179 1756 231 1828 τήν
261 1753 311 1817 καὶ
333 1756 363 1819 ἐν
385 1753 486 1824 ἄλλοις
509 1755 573 1833 ὁρῶν
596 1751 737 1834 κατενόει,
761 1759 879 1824 πολλοῖς
902 1753 955 1828 μὲν
977 1751 1025 1835 οὔ,
1048 1754 1187 1832 γιγνομέ-

180 1897 226 1946 νην
253 1867 333 1937 δὀὖν
355 1871 384 1936 ἔν
406 1895 498 1947 τισιν,
522 1867 630 1936 ὤνκαὶ
654 1870 796 1935 Διονύσιον
819 1872 951 1947 ήγήσατο
977 1870 1028 1936 ἕνα
1049 1873 1186 1948 γενέσθαι

178 1990 253 2070 rulo(
276 1988 312 2054 αν
335 1988 603 2067 ξυλλαμβανόντων
626 1991 708 2071 θεῶν,
733 1990 884 2066 γενομένου
903 1989 928 2053 δ’
942 1985 980 2053 αὖ
997 1994 1048 2054 τοῦ
1059 1991 1187 2056 τοιούτου

178 2109 227 2175 τόν
257 2133 289 2174 τε
317 2109 406 2173 αὑτοῦ
434 2108 497 2185 βίον
527 2107 576 2172 καὶ
605 2107 654 2172 τὸν
677 2113 732 2172 τῶν
762 2105 860 2172 ἄλλων
884 2109 1080 2188 Συρακουσίων
1108 2112 1187 2188 οἰμή-

179 2252 272 2309 χανον
295 2225 330 2291 ἂν
353 2226 545 2307 μακαριότητι
568 2225 717 2304 ξυμβῆναι
741 2229 902 2303 γενόμενον.

225 2346 337 2410 Sensus
354 2346 478 2429 quidem
492 2367 555 2409 non
570 2345 658 2409 valde
673 2346 821 2410 obscurus
837 2353 895 2422 est,
909 2367 999 2430 quem
1010 2345 1137 2411 licinus
1152 2347 1188 2411 li·

182 2467 252 2532 bere
275 2467 318 2530 sic
340 2464 487 2529 reddidit:
511 2464 644 2543 „Postea
666 2487 736 2528 vero
757 2464 969 2529 animadvertit
985 2487 1051 2530 eam
1067 2474 1189 2532 senten-

180 2586 269 2664 tiam,
294 2607 387 2670 quam
408 2585 474 2668 ipse
496 2586 585 2648 rectis
608 2591 787 2670 conceperat
808 2584 996 2663 rationibus,
1020 2607 1083 2649 non
1105 2587 1189 2651 inse

183 2727 244 2770 uno
267 2705 381 2782 solum,
405 2726 510 2768 verum
534 2704 623 2767 etiam
646 2704 679 2766 in
709 2704 792 2783 aliis,
815 2704 887 2768 licet
908 2726 971 2768 nou
994 2704 1115 2783 multis,
1141 2729 1190 2770 ex·

182 2825 286 2888 sistere
317 2845 421 2910 posse,
449 2824 635 2908 inquorum
657 2846 785 2888 numero
808 2824 989 2908 Dionysium
1015 2824 1189 2908 juniorem,

182 2942 250 3006 Diis
275 2941 349 3006 bene
369 2941 564 3026 juvantibus,
590 2941 730 3027 sperabat
751 2942 832 3020 fore3
864 2942 947 3026 quod
970 2943 996 3005 si
1019 2941 1189 3021 accideret,

183 3068 213 3126 et
242 3060 295 3125 ille
324 3061 389 3146 ipse
420 3068 451 3124 et
488 3061 580 3125 ceteri
610 3039 791 3145 Syracusani
821 3061 978 3124 mirificam
1013 3061 1191 3128 felicitatem

184 3179 460 3244 nanciscerentur.''
483 3178 598 3243 Verum
615 3180 710 3242 oratio
734 3179 880 3264 impedita
898 3187 944 3244 est
962 3188 1028 3244 tum
1045 3181 1193 3247 inanibus

184 3299 283 3366 verbis
306 3306 374 3364 tum
396 3321 536 3384 perversa
558 3322 591 3363 ac
612 3300 749 3384 quaesita
772 3299 931 3364 verborum
952 3300 1192 3366 constructione.

185 3418 273 3483 Clare
296 3426 326 3481 et
350 3416 528 3502 simpliciter
547 3398 587 3480 ita
605 3417 788 3501 scripsisset,
806 3418 926 3502 opinor:
943 3417 1061 3493 διενοήθη
1078 3419 1193 3495 ταύτην

185 3540 236 3612 τήν
252 3537 391 3619 travolat,
409 3532 441 3612 ήν
458 3536 545 3607 αὐτὸς
556 3586 564 3600 .
574 3585 600 3600 ..
625 3535 729 3617 ἔσχεν,
746 3539 777 3600 οὐ
793 3537 876 3615 μόνον
895 3539 923 3602 ἐν
939 3537 1017 3618 αὐτῷ
1033 3537 1118 3602 ἄλλα
1134 3541 1197 3622 κᾶν,

217 3779 240 3838 l)
257 3778 339 3836 Zellar,
358 3779 421 3827 Plat.
440 3778 507 3828 Stud.
525 3795 549 3842 p.
568 3779 613 3837 93,
631 3782 700 3827 notat
716 3779 788 3827 etiam
805 3778 830 3826 in
848 3778 915 3828 libris
932 3779 960 3827 de
977 3778 1048 3842 Legg.
1063 3778 1130 3842 justo
1143 3796 1195 3830 sae·

185 3874 238 3938 pius
261 3873 363 3922 inveniri
385 3874 535 3938 periphrasin
560 3890 602 3938 per
625 3874 824 3938 praepositionem
842 3877 904 3944 rapt.
938 3873 1008 3939 Quod
1034 3878 1114 3924 autem
1131 3875 1196 3926 citat

184 3969 331 4034 exemplum,
348 3969 397 4028 IV,
415 3969 464 4021 720
481 3969 523 4028 E„
541 3969 600 4018 item
619 3986 678 4034 quae
695 3970 793 4034 collegit
804 3971 886 4018 Aetius
901 3971 925 4018 in
937 3969 1061 4019 Animadv.
1075 3962 1103 4018 de
1117 3970 1192 4036 Legg.

184 4081 207 4129 p.
225 4063 257 4112 48
275 4069 299 4112 et
318 4063 376 4121 138,
395 4064 423 4112 ad
441 4079 512 4127 quem
528 4063 569 4112 ills
586 4064 688 4112 lectores
704 4063 810 4128 ablegat,
828 4080 877 4112 non
895 4064 996 4128 probant
1007 4063 1130 4113 Platonem
1144 4063 1191 4116 hac

184 4158 392 4209 circumlocutione
408 4174 530 4222 perperam
549 4175 617 4208 usum
635 4175 692 4208 esse.
