2746 4950
686 317 748 378 228

176 495 178 498 .
209 524 268 588 bus
307 523 422 588 Socrati
461 525 577 608 primae
613 523 745 588 tributae
776 532 865 602 sunt,
898 524 935 589 ab
971 525 1216 611 epistolographo

209 641 379 723 Σακροίτενοο
414 643 496 719 λόγον
532 644 679 707 vocantur
710 644 752 727 (p.
777 645 840 706 363
861 645 910 726 A).
959 642 997 707 In
1025 643 1129 707 eodem
1156 643 1217 706 dia·

208 763 279 845 logo
313 761 411 825 multa
445 761 591 846 leguntur
625 784 701 845 quae
736 761 1047 847 e-Pythagoreorum
1079 762 1217 827 doctriua

209 889 283 944 suut
305 879 445 943 desumta
452 905 461 957 3
486 903 511 944 e.
536 903 565 964 g.
590 902 668 964 quae
692 880 889 964 disputantur
912 873 950 944 dt
973 882 1066 945 animi
1090 881 1217 945 elemen-

208 1000 250 1062 tis
281 999 448 1066 seeundum
480 999 708 1075 mathematicas
736 1008 765 1064 et
789 1001 920 1066 musicas
943 1001 1075 1064 rationes
1098 1022 1217 1085 compo·

208 1117 293 1194 sitis,
318 1141 347 1202 p.
365 1120 513 1195 34-373
531 1117 569 1181 de
585 1127 700 1202 septem
716 1107 994 1209 mundi-sphaeris,
1020 1141 1049 1202 p.
1067 1120 1214 1195 39-403
1254 1156 1256 1159 ·

208 1235 248 1299 de
271 1236 376 1320 figuris
399 1236 637 1315 mathematicis,
662 1259 737 1321 quas
761 1236 883 1322 singula
906 1238 1054 1311 elementa
1069 1237 1214 1312 referant,

210 1377 241 1440 p.
267 1357 409 1418 ott-26.
446 1355 516 1419 Vid.
540 1354 734 1419 Stallbaumii
756 1355 926 1440 Prolegom.
951 1354 990 1418 ad
1013 1354 1090 1418 Tim.
1116 1378 1145 1440 p.
1163 1357 1215 1420 37.

206 1472 324 1553 Tamen
350 1473 433 1538 haud
458 1474 519 1538 scio
542 1497 580 1538 an
598 1474 689 1538 etiam
712 1475 770 1538 hoc
793 1474 886 1538 titulo
912 1475 1014 1558 potius
1037 1482 1217 1538 commenta·

203 1593 272 1656 rius
295 1591 403 1676 aliquis
431 1592 567 1656 Platonis
591 1593 713 1656 nomine
730 1593 828 1656 editus
852 1593 1047 1676 significetur.
1095 1592 1216 1678 Simpli-

205 1711 275 1774 cius
310 1710 348 1774 ad
379 1710 505 1774 Aristot.
538 1710 575 1774 de
606 1712 708 1775 Anim.
739 1711 792 1774 fol.
820 1713 837 1773 6
869 1710 913 1788 Β,
938 1720 1040 1776 narrat
1064 1712 1216 1776 exstitisse

202 1828 384 1904 ,Aristotelis
397 1831 647 1894 commentarium
660 1831 722 1910 περὶ
739 1832 882 1913 τοίγαίοῦ,
902 1853 993 1914 quem
1009 1830 1138 1894 eundem
1155 1832 1217 1911 περὶ

203 1951 387 2031 Φιλοσοφίας
418 1948 599 2033 inscriptum
628 1949 739 2026 fuisse,
769 1972 830 2033 quo
854 1942 1082 2013 continerentur
1105 1949 1218 2035 Pytha-

203 2088 371 2153 goreorum
401 2076 431 2131 et
450 2067 586 2131 Platonis
611 2068 723 2152 placita
746 2067 783 2131 de
807 2068 892 2132 ideis.
929 2066 1031 2132 Verba
1053 2069 1118 2132 eius
1142 2069 1216 2132 haec

204 2193 300 2249 sunt:
330 2185 406 2266 περί
435 2187 658 2268 φιλοσοφίας
688 2193 735 2252 νῦν
762 2187 843 2264 λέγει
872 2187 919 2252 τὰ
946 2187 1023 2268 περὶ
1055 2188 1217 2264 τοίγαίοῦ

205 2304 290 2384 αὐτῷ
318 2304 394 2386 (soil.
419 2304 621 2389 Ἀριστοτέλει)
653 2309 684 2370 ἐκ
706 2315 759 2380 τῆς
782 2304 947 2378 Πανίτωνος.
960 2306 1218 2386 ἀναγεγραμμένα

205 2421 372 2506 ξυνουσίας,
397 2425 425 2487 ἐν
454 2419 493 2495 οἷς
517 2425 623 2505 ἱστορεῖ
642 2424 697 2496 calc
720 2450 753 2489 τε
776 2425 1037 2502 Πυθαγορείους
1059 2425 1109 2489 καί
1133 2435 1217 2490 Haa-

208 2541 330 2612 τυναοίνς
365 2541 428 2620 περὶ
460 2547 514 2606 τῶν
549 2541 633 2606 ὄντων
671 2541 765 2616 δόξας.
812 2541 928 2605 Eadem
959 2543 1105 2626 leguntur
1136 2541 1217 2627 apud

212 2623 416 2743 Pliiloponum
444 2658 482 2722 ad
512 2659 543 2722 h.
568 2660 606 2736 l.,
635 2660 746 2743 quibus
770 2659 931 2745 adjiciatur
954 2659 1063 2723 Suidas
1087 2661 1119 2723 in
1142 2682 1215 2724 voce

219 2774 302 2850 οίγαί,
326 2778 408 2854 δαίμ.
443 2776 514 2868 (Vol
546 2775 562 2840 l
571 2827 580 2854 ,
612 2777 669 2841 eol.
703 2780 754 2841 36.
785 2777 830 2841 ed.
867 2777 1001 2861 Bernh.).
1049 2777 1144 2862 Saepe
1166 2778 1216 2842 hic

161 2872 173 2907 ᾗ
222 2887 289 2963 liber
317 2896 379 2976 περὶ
410 2898 542 2973 τοίγαίοῦ
574 2897 684 2960 citatur
709 2897 746 2960 ab
771 2897 972 2960 Aristotelicis
996 2904 1026 2960 et
1049 2896 1216 2960 Platonicis

180 3064 183 3071 ,
227 3006 352 3092 (quorum
382 3014 556 3077 testimonia
586 3017 739 3098 congessit
768 3015 947 3077 Brandisius
978 3014 1046 3079 libr.
1071 3013 1154 3077 land.
1182 3025 1220 3098 p.

224 3126 302 3194 3-8
323 3140 353 3196 et
376 3155 405 3217 p.
418 3120 421 3127 ¹
433 3135 501 3216 ll),
528 3155 631 3196 verum
653 3141 716 3197 tam
740 3134 884 3211 obscure,
901 3144 953 3211 ut,
971 3141 1077 3197 utrum
1093 3133 1216 3197 illorum

214 3245 370 3314 relationes
387 3273 403 3314 e
419 3251 498 3314 lama
517 3274 555 3314 an
579 3252 668 3314 certis
692 3274 708 3314 e
724 3253 927 3315 monumentis
944 3250 1055 3315 ductae
1071 3256 1101 3314 et
1118 3251 1217 3335 prodi-

206 3367 253 3428 tae
285 3369 361 3446 sint,
385 3369 507 3433 dubites
521 3370 545 3455 ¹)
569 3392 662 3453 quare
685 3392 719 3433 ex
743 3363 883 3447 illorum,
901 3371 1125 3434 narrationibus
1141 3372 1216 3434 certi

195 3471 290 3562 quid
317 3495 449 3552 statuere
479 3510 542 3552 non
571 3487 652 3552 licet.
694 3488 826 3552 Maxime
855 3485 1049 3553 memorabile
1076 3488 1152 3553 mihi
1174 3489 1216 3550 vi-

221 3721 257 3785 Ῑ)
283 3730 324 3782 Ex
341 3731 509 3797 interpretibus
527 3733 566 3796 qui
585 3733 660 3782 citant
678 3734 875 3781 commentarium
890 3738 1064 3803 πορίτάγαθοῦ,
1077 3733 1216 3782 Brundisina

179 3822 278 3876 9²¹th
305 3829 421 3878 neminem
441 3833 534 3892 praeter
556 3829 717 3878 Alexandrum
741 3829 910 3893 Aphrodisium
928 3829 991 3878 huuc
1008 3830 1033 3877 in
1051 3830 1159 3878 manibus
1176 3829 1217 3878 ha-

179 3905 293 3968 bnis„
310 3923 371 3984 (libr.
389 3924 451 3973 land.
468 3940 492 3988 p.
502 3923 544 3985 d).
562 3924 792 3986 'Prendelenburgius
809 3928 889 3973 autem
907 3925 932 3984 (l.
950 3925 1001 3990 lp.
1016 3925 1216 3984 29)etiamlruius

183 4003 368 4069 ”Minuitur
396 4019 425 4068 de
453 4020 498 4068 boc
526 4036 596 4084 opere
622 4024 690 4068 caute
713 4020 781 4068 nobis
805 4020 918 4069 utendum
942 4037 991 4068 essa
1015 4026 1107 4079 mouet,
1131 4020 1217 4085 quippe

187 4100 243 4156 (Μ
265 4123 386 4180 nusquam
403 4116 455 4180 ipsa
472 4115 609 4165 Aristotelis
627 4117 697 4165 verba
714 4117 804 4166 afferat.
1055 4109 1056 4112 Ἴ
