2746 4950
659 341 719 403 175

179 551 304 625 στήλαις
334 555 402 621 raia
432 547 474 612 ἔτι
504 546 675 628 σωζομὲνννις
706 553 808 613 retra
836 546 1006 628 γεγράφθαι
1035 548 1180 626 λέγοντες.

180 667 295 731 Sensus
317 667 368 730 hic
391 673 452 731 est:
477 665 578 744 „Sunt
601 668 655 752 qui
676 668 880 732 narrationem
902 666 940 731 de
962 666 1063 732 insula
1077 667 1183 731 Atlan·
1228 667 1233 670 ”

143 863 147 867 ,
179 784 246 850 tide
274 807 388 855 meram
425 785 584 849 historiam
622 806 686 849 esse
719 784 842 863 dicant,
872 793 908 849 ut
937 786 1053 869 primus
1082 785 1184 851 Plato-

180 905 230 968 nis
251 905 399 989 interpres
423 903 562 982 Crantor,
587 904 642 987 qui
665 904 756 967 refert
776 904 866 968 etiam
881 903 1003 968 Platoni
1019 903 1056 969 ab
1076 926 1184 988 aequa-

181 1022 264 1086 libus
287 1022 501 1107 ‹txprobratum
524 1045 606 1101 csse,
628 1021 711 1106 quod
734 1022 893 1100 Politiam‚
916 1022 947 1086 h.
971 1045 997 1087 1.
1021 1022 1182 1108 perfectam

182 1163 275 1225 quam
304 1142 392 1206 finxit
421 1141 552 1205 civitatis
584 1142 731 1226 speciem,
756 1164 819 1206 non
840 1142 905 1225 ipse
927 1131 1106 1221 invenisset,
1130 1141 1183 1206 sed

182 1281 258 1333 eam,
272 1260 479 1345 descripsisset
502 1259 539 1324 ab
562 1260 722 1344 Aegyptiis
746 1258 999 1344 (ρετννγρνὶψννντνν
1014 1261 1055 1325 rol
1070 1260 1184 1337 Αἰγυπ-

181 1379 275 1463 τίων),
300 1401 429 1462 eumque
452 1378 531 1442 hanc
551 1377 811 1462 exprobrationem
827 1380 905 1442 tanti
920 1379 1039 1456 fecisse,
1055 1385 1105 1456 ut,
1122 1399 1183 1462 quo

183 1520 251 1562 eam
280 1497 489 1582 redargueret,
521 1497 605 1561 illam
631 1497 746 1561 Timaei
773 1498 990 1574 narrationem,
1015 1497 1183 1562 secundum

183 1639 276 1701 quam
297 1616 498 1681 Athenienses
519 1616 636 1680 dudum
660 1624 731 1680 ante
753 1616 864 1680 iisdem
886 1617 1035 1680 institutis
1055 1617 1184 1700 quaein

182 1735 296 1799 Politia
319 1735 459 1820 exposuit
482 1736 531 1799 usi
554 1741 678 1812 essent,·
695 1734 854 1819 Aegyptiis
877 1734 1049 1799 tribuerit.”
1084 1733 1184 1799 Verba

182 1852 428 1935 peraypaidaara
458 1854 498 1918 rat
528 1854 699 1930 Αἰγυπτίων
729 1852 842 1938 ambigi
871 1859 972 1938 potest
996 1853 1070 1937 quid
1093 1853 1185 1937 signi-

182 1973 291 2035 ficent:
322 1971 528 2054 μεταγράφειν
559 1971 671 2036 dicitur
701 1979 731 2035 et
761 1971 798 2035 de
821 1972 965 2056 scriptore
988 1972 1041 2056 qui
1061 1971 1183 2036 alterius

183 2090 296 2155 librum
319 2092 452 2154 1111111111
476 2098 506 2154 11
530 2090 567 2154 de
590 2092 705 2174 pictore
728 2092 782 2175 qui
805 2113 868 2154 rem
891 2091 1024 2174 aliquam
1044 2091 1183 2153 imitando

183 2210 293 2294 refert,
316 2210 453 2291 dapiopit.
498 2208 607 2292 Itaque
638 2207 793 2272 Crantoris
824 2209 914 2272 verba
944 2215 1072 2293 possunt
1094 2209 1186 2293 signi-

182 2328 289 2404 ficare,
313 2326 471 2391 Platonem
494 2328 719 2411 Aegyptiorum
743 2327 835 2391 libros
858 2327 1110 2411 transscripsisse,
1127 2326 1185 2390 hoc

183 2453 230 2509 cst
260 2468 276 2508 1
306 2445 496 2509 sacerdotum
530 2445 616 2509 libris
651 2446 742 2509 sacris
778 2445 921 2510 Politiam
955 2442 1042 2508 suam
1075 2445 1186 2530 compi·

182 2564 276 2642 lasse,
303 2564 351 2627 vel
374 2586 443 2628 eum
465 2565 685 2650 Aegyptiorum
709 2565 850 2628 instituta
872 2564 1020 2628 imitando
1042 2565 1075 2628 in
1098 2586 1185 2626 suam

182 2679 338 2747 civitatem
363 2684 563 2748 transtulisse.
609 2683 767 2747 Posterius
792 2683 954 2768 significari
976 2705 1039 2747 111
1055 2682 1183 2747 dubium

184 2801 309 2886 opinor,
340 2802 399 2865 nisi
429 2801 507 2865 forte
537 2800 666 2865 Crantor
693 2802 845 2887 putaverit
878 2801 1036 2866 Platonem
1067 2802 1185 2886 Aegyp-

181 2921 296 2983 tiorum
324 2920 461 3004 linguam
490 2920 630 2984 calluisse
660 2927 691 2984 et
714 2919 882 2983 sacerdotes
905 2919 998 2983 libros
1022 2941 1092 2983 suos
1116 2942 1182 3006 per-

184 3039 290 3122 egrino
319 3038 436 3102 homini
465 3037 677 3102 describendos
712 3037 839 3102 dedisse.
882 3038 963 3122 Ergo
993 3037 1068 3102 haec
1096 3038 1186 3103 verba

184 3179 249 3221 non
277 3157 425 3239 indicant,
458 3155 617 3221 Platonem
639 3157 740 3241 ipsum
764 3157 796 3220 in
819 3157 959 3241 Aegypto
981 3157 1090 3220 fuisse:
1114 3151 1185 3221 narii

184 3275 328 3339 instituta
341 3275 395 3338 1111
409 3275 629 3360 Aegyptiorum
644 3275 784 3339 omnibus
801 3282 875 3339 nota
890 3282 975 3339 erant
990 3282 1020 3339 et
1035 3297 1089 3360 pro
1101 3282 1186 3359 parte

146 3472 148 3477 ι
185 3399 254 3456 tum
283 3391 383 3456 adhuc
413 3393 456 3457 ibi
485 3393 645 3478 vigebant,
677 3402 713 3457 ut
745 3394 834 3458 etiam
864 3417 920 3458 suo
943 3403 1076 3478 tempore
1098 3393 1186 3457 Plato

186 3510 286 3574 dicere
308 3518 425 3596 posset,
450 3509 532 3594 quod
554 3510 740 3576 sacerdotem
756 3511 843 3575 illum
867 3511 941 3575 facit
963 3511 1131 3588 dicentem,
1155 3533 1185 3594 p.

188 3633 230 3692 24
261 3631 306 3694 A:
337 3630 438 3695 πολλὰ
467 3631 526 3710 γὰρ
555 3630 785 3710 παραδείγματα
807 3635 877 3696 τῶν
899 3630 966 3695 τότε
996 3632 1075 3709 παρ’
1107 3630 1187 3706 ὑμῖν

185 3748 228 3834 (h.
260 3771 286 3812 c.
318 3748 568 3836 Atheniensibus)
597 3747 680 3814 ὄντων
711 3747 831 3814 ἐνθάδε
863 3748 904 3833 (h.
929 3771 954 3812 e.
981 3748 1013 3811 in
1036 3748 1187 3832 Aegypto)

185 3872 243 3932 νῦν
264 3867 444 3946 ἀνευρήσεις·
467 3872 574 3948 πρῶτον
589 3867 643 3945 μὲν
656 3866 690 3931 τὸ
707 3873 762 3932 τῶν
783 3869 859 3947 ἱερῶν
881 3867 1035 3958 γέννξ...,
1058 3867 1138 3941 μετὰ
1158 3866 1187 3929 δὲ

185 3990 271 4049 τοῦτο
304 3985 337 4050 τὸ
366 3991 421 4049 τῶν
450 3985 623 4065 δημιουργῶν
637 4036 644 4051 .
658 4033 666 4050 .
679 4035 707 4061 .,
738 3986 773 4050 τό
803 4011 836 4050 τε
859 3991 914 4049 τῶν
937 3983 1041 4062 νομέων
1061 3985 1109 4048 111
1132 3991 1187 4049 τῶν

186 4103 321 4183 damascia
343 4101 378 4168 τό
391 4127 431 4168 τε
453 4109 507 4167 τῶν
529 4109 683 4182 γεωργῶν,
706 4104 755 4169 καὶ
778 4105 811 4180 hl
828 4103 876 4168 111
892 4103 925 4168 τὸ
940 4102 1076 4183 μάχιμον
1092 4100 1186 4179 γένος.
