2746 4950
726 351 745 410 8

234 566 269 620 ut
304 556 342 620 ad
381 557 616 641 Morgensternii
656 557 835 620 sententiam
871 556 1003 620 redirent
1042 565 1133 641 etque
1170 564 1236 621 tote

233 676 371 759 quaestio
402 676 435 740 in
465 676 595 740 eundem
625 677 686 740 fere
717 677 921 740 revolveretur
944 684 1057 741 statum
1081 700 1142 761 quo
1166 684 1235 741 ente

232 795 430 859 Meinersium
454 796 522 859 fuit.
543 797 565 880 Ι)

278 913 356 977 Ecce
378 936 456 977 vero>
472 937 569 999 nuper
586 920 714 978 'exortus
738 921 784 978 est
806 915 851 977 vir
874 913 1020 991 illustris,
1042 914 1094 998 qui
1110 914 1237 979 labefac-

234 1038 326 1095 tatam
349 1032 555 1117 Epistularum
579 1032 669 1096 fidem
693 1033 852 1097 restituere
875 1040 921 1096 est
944 1041 1080 1097 conatus.

269 1277 292 1337 1)
309 1276 387 1324 Lubet
410 1274 449 1322 hic
472 1289 589 1337 apponere
612 1272 726 1322 nonnulla
751 1272 800 1322 VV.
817 1273 871 1324 DD.
891 1273 994 1337 judicia,
1020 1274 1060 1338 qui
1082 1273 1183 1323 strictim
1210 1275 1238 1323 de

234 1372 343 1420 Platonis
360 1369 474 1434 epistolis
490 1369 631 1419 sententiam
649 1368 769 1418 dixerunt.

267 1465 384 1524 Niebiihr,
400 1466 469 1514 uum.
486 1465 570 1514 Gesch.
589 1462 673 1526 (1827)
695 1465 715 1514 I.
733 1480 756 1528 p.
774 1466 813 1514 18.
838 1464 868 1514 ob
891 1465 1016 1515 historicas
1037 1465 1141 1515 rationes
1162 1466 1238 1530 Itpist.

237 1563 281 1613 VII
304 1560 407 1626 spuriam
431 1560 515 1619 habet;
538 1575 681 1623 quamquam
703 1561 766 1624 quod
788 1560 821 1609 ibi
843 1562 912 1610 affert
928 1536 1107 1626 argumentum,
1126 1562 1154 1610 de
1171 1578 1239 1610 vocs·

236 1658 292 1707 bulo
309 1655 394 1709 'reatu
418 1660 472 1720 post
495 1655 655 1705 Alexandrum
679 1655 773 1705 demum
795 1656 841 1705 hoc
858 1673 928 1706 sensu
945 1660 1070 1721 usurpato,
1090 1657 1175 1705 falsum
1189 1661 1242 1714 est,

226 1760 264 1802 ·ut
280 1752 362 1802 docuit
380 1753 544 1810 Hermannus,
563 1753 656 1816 System
672 1751 695 1800 d.
712 1752 773 1802 Plat.
790 1752 847 1816 phil.
865 1768 887 1816 p.
906 1753 962 1802 591.
979 1757 1015 1801 n‘'.
1033 1752 1089 1802 213.
1128 1772 1131 1779 .

272 1848 383 1908 Brendis,
400 1848 477 1898 Diatr.
495 1849 530 1897 de·
541 1848 635 1913 deperd.
652 1849 726 1897 Arist.
743 1847 797 1898 libr.
810 1848 838 1897 de
849 1848 916 1898 ideis.
927 1849 1005 1898 Bonn.
1019 1849 1090 1898 1823.
1101 1864 1124 1914 p.
1137 1848 1166 1896 2:
1185 1849 1241 1913 „qui

237 1945 267 1993 ad
292 1937 405 2008 mysteria
430 1944 523 1993 scholae
548 1944 673 2005 (Platonis)
697 1947 842 2009 provocant,
867 1943 1008 1994 testimoniis
1033 1944 1142 1992 nituntur
1167 1942 1242 2007 ipsius

238 2040 344 2090 Platonis
360 2044 402 2090 aut
419 2041 497 2088 minus
513 2039 641 2090 intellectis
658 2043 700 2088 aut
716 2039 847 2104 depromtis
863 2056 894 2089 er
903 2039 1016 2104 Epistolis
1027 2039 1122 2089 Platoni
1135 2039 1242 2088 falsoad-

238 2134 356 2200 scriptis.’'
373 2136 437 2197 Idem
451 2134 581 2185 arbitratur
592 2135 799 2200 Prendelenburg,
811 2135 873 2185 Plat.
886 2136 915 2184 de
927 2135 996 2184 ideis.
1009 2135 1072 2200 hips.
1085 2134 1157 2184 1826.
1166 2134 1242 2198 princ.

271 2230 415 2290 Stallbaum,
442 2232 550 2281 Prooem.
575 2231 605 2280 ad
629 2232 691 2282 Plat.
716 2232 800 2296 Remp.
827 2231 911 2293 (1827)
934 2248 958 2296 p.
974 2230 1064 2294 LXIV:
1091 2231 1184 2290 „Erunt
1200 2231 1242 2296 qui

239 2325 310 2389 hujus
335 2326 402 2389 (VII)
424 2326 545 2391 Epistulae
570 2326 640 2376 fidem
665 2327 734 2377 malis
759 2327 933 2392 suspicionibus
958 2327 1099 2385 labefactare
1124 2326 1242 2377 studeant.

239 2421 314 2481 Mihi,
340 2420 360 2470 si
386 2421 434 2482 ulla
458 2438 539 2471 aarum
561 2422 723 2486 Epistularum
745 2439 805 2487 quae
827 2423 899 2488 vulgo
922 2422 1018 2472 Platoni
1034 2422 1173 2472 tribuuntur
1193 2438 1244 2486 ger-

239 2534 309 2567 mana
326 2523 373 2578 est,
391 2519 448 2568 hacc
464 2522 529 2569 certe
545 2519 686 2585 philosopho
703 2536 752 2569 uon
767 2519 865 2585 indigna
881 2519 997 2569 videtur.''

274 2617 306 2664 H.
330 2615 417 2674 Rittcr,
443 2616 527 2666 Gesch.
550 2617 572 2665 d.
594 2616 657 2666 Phil.
678 2617 763 2678 (1830)
785 2617 818 2666 II.
842 2633 865 2680 p.
889 2617 944 2666 156.
976 2616 1012 2665 De
1030 2615 1135 2665 Platonis
1152 2614 1244 2664 itineri-

241 2712 284 2762 bus
301 2713 326 2761 in
343 2712 446 2762 Siciliam
464 2712 563 2776 loquens
580 2713 654 2762 dicit:
680 2713 766 2773 „Dicae
783 2713 946 2778 Emiihlungen
966 2713 1041 2762 haben
1060 2713 1111 2761 eine
1128 2712 1183 2761 sehr
1201 2728 1243 2761 un·

241 2810 332 2859 sichero
348 2809 527 2875 Beglaubigung
550 2827 579 2860 an
602 2811 654 2860 dem
673 2811 852 2870 Brieiwechsel‚
875 2810 974 2860 welcher
991 2810 1106 2858 avischen
1123 2810 1177 2858 dem
1194 2807 1245 2857 Pla-

241 2910 299 2965 ton,
320 2906 373 2954 dem
388 2905 491 2970 jiingcru
508 2906 649 2969 Dionysius,
667 2906 720 2956 dem
737 2907 800 2956 Dion
818 2906 867 2956 und
884 2906 975 2970 einiger
993 2906 1058 2955 ihrer
1074 2904 1182 2954 Freuude
1199 2904 1245 2952 soll

242 3001 420 3066 stattgefunden
436 3001 526 3061 haben3
543 3002 604 3050 denn
622 3018 665 3051 aus
681 3002 757 3052 dieser
774 3003 858 3068 Quelle
875 3002 945 3051 alleiu
963 3001 1014 3051 sind
1032 3001 1069 3050 (111
1086 3000 1245 3050 Nachrichten

243 3100 284 3148 der
302 3100 415 3162 Sp'atercn
439 3099 552 3162 geflossen
578 3097 612 3160 (iu
638 3098 683 3147 hoc
708 3099 784 3149 virum
809 3099 906 3148 doctum
932 3114 1010 3147 errare
1026 3098 1089 3146 infra
1106 3097 1246 3158 ostendam).

243 3195 299 3244 Nun
317 3195 348 3243 ist
365 3211 390 3243 es
406 3194 473 3243 nicht
489 3210 518 3243 au
535 3195 683 3255 bezvcileln,
707 3194 759 3244 dass
780 3195 826 3244 alle
849 3195 887 3244 dic
904 3194 965 3244 noch
983 3193 1148 3244 vorhaudeneu
1167 3193 1246 3242 Bricfe

245 3292 332 3341 unecht
354 3291 416 3340 sind.
448 3291 517 3341 Doch
539 3291 593 3340 sind
616 3291 649 3341 sic
672 3307 714 3341 aur
730 3291 918 3356 Vertheidigung
935 3291 975 3340 des
991 3291 1077 3340 Platon
1094 3290 1246 3354 geschrieben

246 3387 294 3435 und
311 3403 395 3452 mogon
412 3387 463 3436 sich
480 3387 551 3436 daher
568 3386 630 3436 vvobl
647 3403 701 3436 zum
718 3387 788 3436 Pheil
804 3387 848 3436 ant
861 3387 1007 3436 'l'hatsacben
1025 3385 1142 3436 stiitaen.’'
1247 3413 1248 3417 =

277 3483 353 3542 Haec,
370 3482 470 3532 Journal
488 3484 527 3532 des
544 3483 657 3542 Savants,
675 3483 752 3542 1836,
770 3500 794 3548 p.
803 3482 863 3542 478,
873 3482 908 3532 ita
922 3482 1024 3547 judicat:
1042 3482 1074 3540 „il
1092 3486 1127 3531 cst
1143 3498 1247 3551 reconna

244 3576 385 3640 aujourdhui
403 3593 448 3640 que
465 3577 499 3626 111
516 3578 599 3627 lettres
620 3575 740 3627 nommecs
757 3577 919 3641 Socratiques,
942 3576 1000 3626 celle
1017 3593 1062 3640 que
1079 3575 1126 3626 l’on
1144 3576 1248 3625 attribue

245 3672 259 3721 1
277 3672 394 3731 Phalaris,
411 3671 426 3721 1
441 3671 547 3738 Diogene
564 3674 586 3722 le
604 3675 725 3739 Gynique,
742 3673 757 3724 1
773 3675 874 3732 Brutus,
891 3672 906 3722 1
922 3672 1039 3737 plusieurs
1050 3677 1129 3722 autres
1141 3672 1247 3720 hommes

246 3766 347 3817 celebres
372 3766 490 3818 aute‘rieur
511 3767 531 3817 1.
549 3767 606 3819 l’ere
631 3769 736 3834 vulgaire
761 3775 815 3818 sont
841 3773 921 3819 tontes
937 3766 1071 3833 suppose'es.
1104 3769 1149 3818 Les
1166 3768 1248 3818 lettres

245 3863 284 3927 qul
303 3863 406 3913 existent
422 3880 477 3913 sous
499 3864 522 3914 le
544 3881 600 3914 nom
625 3865 654 3914 de
679 3866 762 3914 Platon
785 3869 827 3914 ont
848 3863 886 3914 e'te
912 3861 1090 3929 probablement
1112 3862 1248 3929 compose'es

246 3974 292 4021 peu
317 3958 346 4006 (11
371 3961 448 4022 temps
473 3957 539 4022 apres
563 3975 589 4008 sa
614 3963 677 4008 mort
701 3975 743 4025 par
767 3959 867 4024 quelque
892 3959 1032 4024 philosophe
1054 3960 1140 4008 deson
1159 3957 1248 4009 e'cole.”

281 4052 301 4100 n
323 4051 469 4102 nostratibus
488 4053 624 4102 nominandi
646 4053 841 4117 wyttenbachius
858 4054 887 4103 ad
904 4054 1024 4103 Phaedon.
1043 4070 1067 4119 p.
1086 4054 1133 4103 108
1156 4054 1247 4116 (1810).

246 4148 284 4197 De
300 4147 440 4208 Phaedone,
457 4148 528 4208 dicit,
551 4148 758 4214 „antiquissimum
775 4153 811 4199 est
828 4149 992 4198 testimonium
1008 4149 1082 4214 ipsius
1098 4149 1207 4200 Platonis
1222 4150 1247 4200 in
