2746 4950
671 357 711 414 99

187 558 229 622 cit
252 525 328 644 ergo
346 558 421 623 hoc:
451 565 531 623 tuum
560 561 639 624 iilud
665 560 696 622 ’ων
722 582 765 623 me
788 562 969 645 opprobrium
991 584 1124 626 νωιιιυιω
1149 563 1193 624 νδ
1275 554 1278 559 ’

186 699 268 741 acero
295 679 405 741 ciorum
425 678 547 764 factum
571 684 633 753 cai;
656 677 738 760 quod
762 679 835 742 satis
859 679 1076 755 αἰνιγματωδῶς
1099 701 1193 743 cnun-

185 795 295 859 tiatum
313 803 369 858 cst.
393 794 511 880 Opinor
531 796 708 881 scriptorem
731 795 788 859 hoc
803 795 897 860 velle:
919 797 1023 880 „quod
1040 805 1193 861 contume·

185 915 260 978 liose
282 914 314 978 in
337 937 403 991 mc,
428 922 464 978 ut
486 915 632 1000 putabas,
657 914 778 979 locutus
803 939 851 994 cs,
875 938 958 980 nunc
982 924 1108 1002 apparet
1124 939 1193 981 con-

185 1033 342 1098 tumeliam
373 1033 467 1097 fuisse
497 1055 558 1101 non
590 1033 621 1097 in
652 1056 717 1112 mc,
750 1033 802 1098 scd
834 1034 866 1098 in
894 1044 924 1098 tc
947 1036 1048 1120 ipsum
1056 1035 1086 1114 ;’'
1110 1035 1140 1099 h.
1165 1057 1191 1099 e.

185 1135 341 1230 „derisisti
371 1153 423 1227 τὴν
453 1154 524 1229 ε’,ωὴν
554 1152 705 1235 παιδείαν,
737 1174 819 1215 nunc
852 1159 907 1216 tua
936 1153 1113 1218 ἀπαιδευσία
1136 1152 1193 1217 tibi

184 1270 317 1335 ludibrio
349 1270 433 1349 est,”
463 1270 608 1334 nimirum
638 1269 677 1334 ob
709 1270 789 1334 mala
815 1272 878 1356 jam
909 1270 966 1335 tibi
992 1272 1190 1336 imminentia.

185 1388 267 1474 Ergo
289 1387 354 1468 drap
377 1397 492 1474 spectat
515 1390 553 1454 ad
575 1392 611 1462 ὡς
634 1389 702 1472 dou,
720 1390 751 1455 id
767 1390 850 1475 quod
865 1391 994 1475 putabat
1008 1391 1190 1476 Dionysius,

185 1506 261 1587 ὕπαρ
285 1508 323 1572 ad
347 1516 498 1573 eventum.
530 1509 727 1573 Manifestum
751 1509 856 1588 credo,
880 1511 1072 1594 scriptorem,
1097 1533 1191 1594 quum

183 1626 345 1691 flosculum
368 1650 384 1691 e
406 1626 535 1692 Platone
559 1628 691 1691 inserere
703 1628 810 1706 vellet,
828 1629 1008 1692 sententiam
1023 1629 1190 1692 reddidisse

185 1739 354 1810 obscuram.

228 1864 330 1928 Etiam
363 1887 441 1948 quae
473 1873 661 1948 sequuntur:
690 1861 769 1937 εἶπες
799 1866 829 1930 δὲ
857 1867 905 1930 καῖ
932 1864 1006 1944 μαλ’
1028 1867 1190 1938 ἀπλάστως

183 1991 296 2061 γελῶν,
333 1985 356 2048 εἴ
398 1983 551 2062 μέμνημαι
589 1986 625 2055 ὡς
656 1983 845 2049 παιδευθέντα
875 2009 914 2062 με
944 1984 1072 2056 ἐκέλευες
1103 1993 1190 2050 ποιεῖν

184 2103 285 2168 πάντα
315 2110 415 2169 ταῦτα
454 2103 471 2178 i
506 2105 548 2182 uia
583 2111 687 2180 ποιεῖν,
722 2127 829 2188 parum
864 2104 996 2168 dilucide
1025 2106 1190 2188 enuntiata

184 2228 265 2285 sunt.
312 2220 435 2285 Picinus
458 2222 502 2286 ita
523 2221 757 2307 interpretatur:
782 2222 931 2306 „Rogasti
953 2229 1055 2287 autem
1078 2245 1143 2300 mc,
1164 2223 1189 2286 si
1214 2231 1216 2236 ’

184 2340 260 2404 bene
292 2339 367 2423 quid
395 2341 537 2418 memini,
566 2363 614 2405 me
645 2341 803 2418 deridens,
827 2363 866 2404 an
889 2341 948 2405 ista
971 2342 1188 2428 praecepissem

183 2458 241 2522 tibi
272 2459 357 2542 quasi
388 2458 494 2523 doctor
524 2482 563 2522 an
586 2459 678 2523 non.''
724 2459 784 2524 Hic
807 2459 902 2544 igitur
925 2460 1016 2524 verba
1038 2462 1061 2524 εἰ
1080 2460 1189 2538 μέμνη-

181 2602 236 2656 μαι
267 2599 322 2662 pro
349 2577 521 2663 parenthesi
552 2577 662 2655 habet,
692 2601 712 2668 a
734 2577 861 2642 Platone
885 2578 958 2642 haec
980 2587 1122 2668 narrante
1144 2579 1188 2642 in·

181 2697 335 2781 terposita.
371 2696 469 2779 Atqui
491 2695 632 2780 Dionysii
662 2718 725 2760 esse
749 2696 822 2760 haec
850 2697 940 2761 verba
965 2696 1124 2761 Platonem
1144 2697 1188 2760 in-

181 2815 379 2900 terrogantis,
401 2822 526 2900 apparet
541 2838 576 2879 ex
595 2815 689 2878 huius
698 2837 858 2900 responso:
875 2813 949 2898 ἔφυν
964 2816 1022 2892 ἐγὼ
1037 2815 1187 2880 κάλλιστα

181 2935 423 3013 μνημονεῦσαί
449 2960 504 2999 σεε
534 2934 698 3020 „respondi
728 2941 758 2998 te
784 2934 897 3020 optime
923 2957 987 2998 rem
1007 2934 1187 2999 recordari.”

182 3052 360 3118 Obscuritas
377 3042 462 3118 ¹inde
493 3062 573 3132 orta,
605 3053 686 3138 quod
723 3054 968 3138 interrogationis
995 3054 1121 3118 formam
1145 3054 1187 3117 di·

183 3179 294 3236 rectam
318 3178 348 3236 et
369 3170 549 3237 indirectam
564 3173 697 3236 miscuit.
732 3172 854 3237 Directe
870 3173 913 3236 sic
929 3172 1070 3237 dixisset:
1089 3170 1184 3255 εἶπες,

182 3284 240 3370 ἆρα
267 3290 430 3374 μέμνησαι,
459 3295 495 3362 ὡς
524 3330 568 3340 -
598 3316 638 3369 με
660 3291 805 3373 ἐκέλευες,
829 3291 972 3369 „dixisti2
997 3292 1187 3356 meministine

181 3418 210 3474 te
238 3411 310 3475 miii
330 3411 517 3494 priempere,
547 3416 580 3474 ct
601 3413 671 3475 daec
684 3410 839 3496 facerem*
862 3419 918 3475 cet.
950 3407 1102 3475 Indirecte
1125 3412 1184 3474 ita:

182 3526 276 3604 εἶπες,
308 3532 332 3595 εἰ
362 3531 514 3608 μέμνημαι
544 3531 580 3600 ὡς
603 3567 648 3577 -—
670 3554 704 3593 τε
726 3531 866 3611 ἐκέλευον,
891 3531 1121 3607 „mcmiuerimce
1144 3552 1186 3592 me

182 3647 236 3710 libi
258 3649 429 3730 praecipere
456 3653 490 3711 ut
507 3649 577 3711 iaec
595 3648 733 3732 faceres,
765 3669 860 3730 quum
884 3646 1028 3711 doctrina
1048 3647 1185 3711 eruditus

182 3765 284 3829 esses?
318 3754 490 3850 Respondi,
515 3767 627 3851 optimc
652 3775 681 3830 te
709 3766 868 3830 recordari.
908 3765 1060 3830 Nimirum
1091 3768 1186 3851 (repo-

181 3885 229 3948 nit
250 3885 442 3970 Dionysius),
461 3908 555 3969 quum
573 3885 782 3969 geometriam,
800 3885 916 3961 niobae,
934 3885 1059 3948 edoctus
1075 3907 1184 3960 essem,

182 4026 221 4066 an
244 4003 372 4066 aliter?”
406 4003 454 4067 Ita
477 4004 578 4067 omnia
601 4002 679 4065 clare
700 4003 878 4087 procedunt.
902 4004 1093 4067 Postremum
1112 4003 1184 4079 hoc,
1278 4082 1279 4085 Ἴ

181 4121 370 4188 παιδευθέντα
397 4129 588 4203 γεωμετρεῖν,
617 4129 733 4205 spectat
756 4121 794 4184 ad
818 4122 848 4185 id
874 4123 956 4206 quod
981 4146 997 4184 a
1020 4121 1185 4185 Plutarcho

1024 4240 1067 4297 7*
