2746 4950
675 328 730 390 lii

196 531 276 595 fama
306 532 382 609 niti,
415 554 476 616 qua
506 533 616 596 sensim
641 543 793 596 crescente
820 556 866 597 res
889 534 1074 618 pedetentim
1099 546 1202 598 auctas

195 658 226 714 et
248 629 445 735 amplificatas
467 651 500 715 in
523 651 683 716 historiam
705 674 906 737 permanasse.

239 768 271 832 Si
301 777 403 834 tamen
428 778 566 855 receptae
588 769 691 836 famae
708 792 771 835 non
793 793 914 836 omnem
937 771 1086 858 denegare
1110 773 1200 837 fidem

194 887 353 966 volumus,
386 888 582 952 statuendum
613 889 687 966 erit,
719 888 856 953 Platonis
880 892 1145 956 commorationem
1168 893 1200 955 in

193 1006 334 1092 Aegypto
357 1030 413 1071 nec
436 1015 498 1071 tam
521 1007 698 1071 diuturnam
722 1007 816 1072 fuisse
838 1032 894 1073 nec
916 1017 1037 1074 tantum
1057 1011 1200 1075 habuisse

192 1125 231 1188 ad
259 1127 417 1211 ingenium
440 1128 505 1190 eius
530 1134 560 1191 et
583 1126 752 1222 doctrinam
776 1128 971 1193 excolendam
995 1129 1140 1193 momenti
1164 1136 1200 1192 ut

193 1245 710 1332 vQfflmmW,

235 1482 314 1547 Iter
337 1483 513 1569 Cyrenen.
549 1483 652 1547 Huius
675 1483 792 1547 itineris
817 1508 834 1547 a
857 1485 963 1548 ceteris
981 1485 1196 1569 scriptoribuS,

190 1602 322 1687 exceptis
353 1602 491 1686 Diogene
522 1609 552 1666 et
582 1603 714 1687 Apuleio
746 1606 849 1687 (supra
881 1627 909 1687 p.
938 1606 1028 1688 165),
1053 1603 1140 1667 nulla
1163 1605 1198 1667 fit

188 1722 320 1799 mentm,
357 1700 443 1805 quod
474 1730 576 1785 tamen
607 1721 645 1784 ad
675 1722 765 1785 fidem
796 1722 839 1786 rei
863 1720 1102 1786 labefactandam
1134 1745 1196 1785 non

188 1840 278 1903 valet.
325 1838 430 1920 Quum
462 1840 542 1904 enim
571 1841 663 1903 ceteri
686 1848 840 1918 auctores,
865 1839 988 1919 Cicer0,
1013 1839 1196 1921 Quinctilia·

187 1982 263 2036 nus,
278 1961 301 2042 Ι)
328 1958 583 2044 OlympiodoruS,
620 1982 656 2040 ea
684 1965 805 2022 tantum
828 1960 936 2022 itinera
960 1970 1196 2023 commemorent

186 2101 202 2142 e
233 2079 345 2162 quibus
375 2078 463 2142 Plato
495 2078 659 2162 plurimum
684 2077 723 2141 ad
746 2078 970 2163 philosophiam
997 2078 1189 2162 profecisset,

186 2196 225 2261 ad
256 2195 460 2281 Pythagoreos
485 2197 516 2259 in
547 2195 666 2259 Italiam
680 2204 722 2259 ·et
744 2196 776 2258 in
802 2197 975 2281 Aegyptum
999 2196 1037 2260 ad
1061 2196 1196 2260 sacerdo·

184 2323 231 2379 tes
256 2315 476 2392 consulendos,
500 2315 589 2406 licuit
612 2315 649 2378 iis
673 2313 873 2399 Cyrenaicum
896 2315 973 2378 illud
998 2316 1070 2393 iter,
1100 2338 1195 2399 aeque

185 2457 220 2498 ac
251 2435 447 2519 Megarense,
479 2442 515 2498 nt
545 2435 669 2498 minoris
700 2436 847 2498 momenti
870 2436 1018 2499 omittere.
1052 2434 1193 2499 Ceterum

187 2555 455 2618 commorationem
487 2554 551 2618 eius
583 2553 717 2638 Cyrenae
749 2576 810 2616 non
841 2554 1057 2639 sejungendam
1089 2577 1153 2617 esse
1177 2577 1194 2617 a

184 2673 369 2758 profectione
400 2673 432 2736 in
461 2674 653 2757 Aegyptum,
684 2679 720 2736 ut
742 2671 884 2736 Laertius
907 2673 996 2750 facit,
1025 2672 1191 2757 probabilis

184 2815 255 2855 sane
287 2799 332 2856 est
358 2792 573 2876 plerorumque
597 2792 709 2876 opinio.
757 2794 861 2875 Atque
884 2792 971 2857 ambo
995 2793 1105 2856 itinera
1129 2800 1192 2856 tarn

183 2919 264 2974 arcte
288 2909 447 2973 cohaerere
470 2910 632 2987 videntur,
649 2919 698 2988 ut,
715 2909 896 2995 Aegyptiaci
910 2909 969 2973 fide
985 2910 1136 2989 stabilita,
1153 2910 1191 2975 de

183 3027 346 3112 Cyrenaico
370 3050 432 3091 non
455 3050 637 3113 magnopere
660 3028 863 3092 dubitandum
881 3029 930 3092 sit.
978 3027 1071 3109 Quod
1087 3038 1190 3093 autem

183 3147 325 3211 nonnulli
356 3148 538 3230 opinantur,
559 3147 716 3212 Platonem
735 3147 872 3233 Cyrenen
889 3149 1013 3233 petiisse
1031 3157 1065 3212 ut
1081 3171 1099 3212 a
1114 3149 1191 3212 The-

181 3266 275 3329 odoro
309 3266 506 3350 geometriam
534 3265 678 3344 disceret,
714 3266 784 3351 plus
816 3267 888 3331 huic
916 3267 1019 3331 itineri
1048 3267 1190 3330 tribuunt

160 3384 327 3456 ‚momenti
358 3406 450 3467 quam
480 3405 610 3468 aequum
643 3392 705 3450 est:
737 3406 799 3449 uon
823 3385 903 3449 enim
926 3385 1086 3462 credibile,
1119 3408 1189 3470 geo-

212 3641 237 3700 1)
255 3641 367 3690 Ceteram
385 3641 448 3691 lectu
466 3642 537 3707 digna
554 3647 609 3692 sunt
627 3659 687 3708 quae
704 3643 733 3693 de
750 3643 795 3694 hoo
812 3643 898 3694 itinere
915 3643 1011 3693 disserit
1019 3643 1151 3694 Hermann.
1161 3643 1188 3704 ΙΙ,

178 3751 201 3800 p.
220 3736 326 3785 51-58.

211 3832 235 3890 Ξ)
257 3831 434 3896 quinctilianus
456 3833 486 3882 de
509 3833 642 3898 Megarensi
667 3838 692 3883 et
715 3834 844 3898 Cyrenaico
868 3834 954 3884 itinere
977 3835 1036 3883 nihil
1058 3834 1188 3898 quidquam

179 3931 307 3985 memorat;
331 3943 402 3991 quare
425 3943 508 3992 parum
533 3935 641 3978 accurate
664 3930 793 3994 Ueberweg
817 3931 832 3979 l.
857 3931 873 3980 l.
891 3931 925 3979 sic
942 3929 1064 3994 loquitur,
1082 3946 1106 3994 p.
1126 3930 1186 3982 1272

180 4023 306 4087 „Dagegan
329 4022 386 4072 hicat
409 4023 554 4087 Quinctilium
578 4025 640 4074 lust.
658 4025 699 4075 Or.
719 4027 744 4084 I,
765 4026 808 4082 12,
827 4026 874 4074 and
893 4026 978 4074 ebcnso
996 4027 1112 4088 Diogenes
1130 4027 1181 4082 ΙΙΙ,

179 4118 209 4174 6,
227 4117 265 4165 die
282 4122 344 4166 erate
362 4117 430 4166 Reia'e
449 4136 493 4166 von
514 4121 608 4182 Megara
626 4136 667 4168 aus
685 4121 745 4168 nach
763 4120 855 4184 Cyrene
873 4121 989 4183 gerichlet
1007 4121 1082 4169 sain.”

1028 4221 1064 4275 12
