2746 4950
651 333 710 392 150

178 564 246 605 cunr
278 540 425 624 Dionysio
455 547 486 602 et
507 539 606 602 Dione
629 537 860 601 consuetudine.
906 538 1055 605 Ceterum
1080 541 1189 606 miran-

177 660 251 724 dum
273 661 306 724 in
329 659 376 722 his
400 659 536 743 epistolis
560 657 676 722 nullam
700 679 823 741 prorsus
846 657 1034 722 mentionem
1059 659 1128 723 fieri
1151 658 1188 723 de

178 780 284 844 ceteris
307 778 443 843 Platonis
468 776 760 863 peregrinationibus
784 797 859 859 quas
897 776 1072 860 suscepisse
1093 777 1189 842 fertm

178 898 319 981 Megara,
348 895 501 980 Cyrenen,
525 895 557 961 iu
572 897 763 978 Aegyptum,
781 915 910 976 quarum
925 895 1187 962 commemorandi

178 1015 295 1080 occasio
318 1037 380 1078 non
403 1022 483 1077 certe
506 1013 625 1089 deerat,
650 1012 710 1094 imo
733 1035 780 1075 res
804 1013 868 1096 ejus
892 1017 922 1074 et
947 1011 1043 1075 vitam
1061 1012 1109 1075 sic
1123 1035 1189 1078 nar·

178 1135 254 1211 rari,
287 1144 322 1198 ut
353 1132 414 1196 illis
443 1155 482 1195 ne
513 1131 597 1196 locus
625 1130 748 1214 quidem
772 1130 895 1194 relictus
918 1116 1081 1194 videatur:
1108 1132 1188 1199 unde

179 1275 273 1337 paene
300 1251 460 1335 suspiceris
488 1249 767 1334 epistolographum
797 1249 906 1313 itinera
927 1249 986 1312 ista
1009 1249 1172 1334 ignorasse
1179 1276 1188 1327 ;

179 1393 241 1455 quo
272 1377 378 1454 sponte
410 1369 592 1432 adducimur
615 1367 653 1431 ad
676 1367 900 1451 quaerendum,
925 1367 1001 1451 quid
1024 1368 1101 1432 fidei
1124 1370 1189 1437 istis

179 1488 378 1553 relationibus
401 1489 442 1551 sit
457 1486 641 1550 habendum.
660 1486 743 1549 Haec
759 1508 829 1549 vero
844 1486 983 1569 quaestio
999 1508 1103 1570 quum
1119 1511 1189 1572 quo

180 1606 342 1671 dammodo
365 1606 405 1670 sit
427 1605 573 1690 digressio
597 1627 615 1672 a
637 1604 810 1689 proposito,
835 1612 938 1688 postea
967 1625 985 1667 a
1007 1626 1058 1668 me
1080 1613 1189 1670 tracta·

180 1727 282 1804 bitur,
306 1726 332 1789 si
355 1725 439 1810 prius
461 1733 561 1788 cetera
583 1723 621 1786 ad
644 1723 801 1789 historiam
825 1722 995 1806 spectantia
1018 1723 1163 1808 attigero.

644 1962 718 2045 ιι.
811 2067 818 2079 ,

286 2201 333 2262 De
354 2198 425 2262 aliia
446 2197 615 2283 quibudam
636 2219 710 2282 quae
731 2197 763 2259 οόο
785 2199 928 2280 Εροοίοίοο
948 2201 1088 2281 leguntur

465 2319 507 2382 ad
525 2315 677 2379 dictoriam
699 2318 902 2398 portantibus.

224 2556 262 2620 In
292 2554 437 2639 Dpistolis
468 2554 580 2639 passim
610 2561 816 2619 memorantur
845 2579 893 2620 res
923 2555 961 2620 ad
989 2555 1138 2641 Dionysii
1161 2567 1190 2623 et

179 2673 287 2737 Dionis
316 2671 461 2737 familiam
491 2680 677 2756 spectantes3
709 2673 741 2737 in
771 2673 817 2736 his
846 2673 995 2738 nonnulla
1016 2683 1189 2741 occurrunt

179 2815 257 2876 quae
290 2799 425 2875 arguunt
462 2790 601 2875 scriptori
632 2813 694 2860 non
717 2814 783 2856 eam
807 2792 900 2857 fuisse
923 2792 1078 2861 cumillis
1102 2795 1189 2862 fami·

178 2911 356 2988 liaritatem,
381 2909 501 2993 qualem
525 2909 658 2978 simulat.
696 2909 775 2974 Sunt
798 2911 880 2978 enim
902 2910 993 2989 talia,
1009 2912 1188 2996 inquibus,

178 3040 214 3095 ut
244 3031 400 3116 peregrino
430 3028 496 3095 falli
523 3029 674 3114 proclive,
698 3029 742 3093 ita
764 3029 905 3096 familiari
926 3030 989 3096 labi
1010 3054 1075 3099 uon
1096 3033 1189 3100 facile

178 3157 256 3226 erat;
282 3147 452 3234 cujusmodi
475 3156 547 3212 sunt
570 3148 653 3212 haec.

222 3268 260 3331 Iu
284 3267 422 3352 Epistola
442 3265 525 3344 VII,
550 3289 580 3350 p.
604 3268 668 3329 328
692 3269 738 3343 A,
758 3266 817 3330 Dio
832 3266 991 3333 Platonem
1006 3268 1137 3335 hortans
1154 3283 1190 3337 ut

179 3386 341 3470 Syracusas
371 3383 489 3461 veniat,
512 3384 665 3469 praedicat
696 3392 762 3448 tum
793 3384 933 3470 Dionysii
955 3389 1110 3464 ἐπιθυμίαν
1134 3401 1189 3467 τῆς

178 3504 370 3586 Φιλοσοφίας,
401 3511 468 3574 tum
497 3505 563 3576 τοὺς
593 3506 682 3569 adrui)
701 3496 890 3584 ἀδελφιδοῦς,
911 3507 947 3577 ὡς
970 3506 1191 3586 εὐπαράκλητοι

179 3619 233 3687 εἶεν
256 3623 324 3700 πρὸς
346 3624 395 3687 τὸν
425 3623 474 3686 ὑπ’
496 3623 566 3699 ἐμοῦ
596 3623 745 3706 (Platone)
768 3621 925 3699 λεγόμενον
946 3625 993 3688 riri
1024 3623 1114 3703 λόγον
1137 3630 1190 3695 nai

178 3740 254 3820 βίον,
293 3741 465 3807 ἱιιοιοώτοοτοί
504 3765 538 3804 τε
581 3740 722 3806 Διονύσιοι
763 3740 1016 3820 ξομποροοκοιλεῖο.
1076 3746 1190 3813 Dionis

178 3858 343 3938 ἀδελφιδοῖ,
376 3880 392 3921 e
426 3880 526 3923 sorore
560 3868 702 3943 nepotes,
738 3859 878 3944 Dionysii
903 3863 1035 3946 junioris
1058 3865 1188 3946 fratres,

177 3974 238 4038 duo
270 3975 307 4039 ab
337 3976 488 4040 historicis
518 3978 731 4056 nominantur,
762 3978 952 4064 Hipparinus
985 3988 1015 4044 et
1043 3980 1191 4067 Nysaeus

177 4092 311 4187 (Nepos,
346 4094 436 4159 Dion.
458 4117 482 4159 ο.
510 4098 549 4180 1).
572 4095 641 4159 Jam
668 4120 704 4160 ex
726 4098 792 4183 ipsa
815 4098 968 4184 Epistola,
992 4123 1021 4185 p.
1047 4102 1115 4166 324
1138 4106 1187 4184 A,
