2746 4950
656 317 717 378 126

181 545 302 586 scenam
333 522 482 608 producta
511 530 564 586 est.
600 524 786 603 Ἀρίστυλλος
808 523 953 587 nimirum
976 524 1112 588 ridicule
1140 525 1154 588 f
1187 564 1198 573 ·

180 649 247 706 tum
272 666 307 705 ex
330 646 516 724 Ἀριστοκλῆς
540 644 588 725 (ut
611 664 647 705 ex
674 643 819 720 Ἡοοοκλῆς
840 643 1012 727 Ἥρυλλος),
1037 643 1129 727 quod
1146 668 1197 708 no

180 784 250 824 men
266 760 388 824 Platoni
403 761 472 824 fuit.
489 763 511 845 ¹)
534 760 603 823 Jam
621 760 847 824 Ecclesiacusae
863 761 961 824 editae
976 769 1052 826 suut
1065 762 1196 827 ineunte

180 879 229 943 Ol.
264 883 303 944 97
335 880 381 943 vel
404 902 466 942 non
489 878 587 943 multo
611 885 694 963 post,
720 902 756 941 ex
779 902 841 962 quo
865 879 1026 958 efficiatur,
1051 880 1195 945 Platonis

181 999 333 1064 Πολιτείαν
357 998 448 1083 paulo
465 998 607 1061 antehoc
623 1005 743 1083 tempus
760 998 871 1062 editam
889 1022 970 1077 esse,
987 1022 1089 1083 quum
1105 1001 1195 1065 Plato

180 1127 259 1181 esset
274 1139 369 1202 paene
386 1116 664 1200 quadragenariuS,
688 1117 793 1202 paucis
817 1126 887 1181 ante
910 1119 996 1182 annis
1014 1142 1112 1202 quam
1137 1121 1195 1184 iter

178 1238 211 1300 in
235 1237 356 1300 ltaliam
381 1237 523 1320 suscepit.
537 1239 562 1320 2)

223 1355 311 1435 Quae
335 1362 440 1419 contra
463 1355 683 1419 Stallbaumius
707 1356 845 1440 disputat
867 1357 900 1419 in
922 1356 1043 1441 Proleg.
1058 1357 1100 1421 ad
1115 1357 1193 1423 Plat.

177 1474 215 1537 de
242 1473 316 1558 Rep.
343 1497 372 1558 p.
397 1473 522 1550 LXIX,
548 1473 586 1536 ad
610 1473 853 1557 redarguendam.
868 1474 1111 1558 Morgensternii
1131 1501 1196 1540 sen-

178 1593 319 1670 tentiam,
339 1615 373 1655 ea
390 1593 496 1655 marito
512 1615 575 1655 nou
591 1592 801 1656 satisfecerunt
814 1592 968 1656 Meinekio
981 1601 1011 1656 et
1024 1593 1193 1659 Siickovio.

177 1711 340 1796 Leguntur
362 1711 487 1794 quidem
510 1712 542 1774 in
562 1710 722 1775 Platonica
738 1712 859 1775 civitate
875 1735 953 1796 quae
968 1721 1040 1797 post
1055 1715 1195 1780 reditum

178 1831 243 1894 eius
260 1853 296 1893 ex
314 1830 456 1913 Dionysii
478 1829 549 1892 aula
568 1831 680 1914 scripta
699 1830 859 1908 videntur,
882 1840 917 1895 ut
936 1833 1037 1916 imago
1050 1837 1194 1918 tyranni,

177 1949 291 2011 mentio
316 1947 353 2011 de
377 1947 527 2025 lsmenia,
552 1948 755 2032 Pythagorica
778 1950 925 2032 quaedam
942 1949 1148 2034 (Stallbaum,
1165 1978 1193 2039 p.

177 2067 294 2151 LXV),
320 2066 373 2131 sed
397 2066 475 2130 nihil
496 2067 616 2131 credere
631 2090 687 2131 nos
703 2077 802 2145 vetat,
823 2068 981 2132 Platonem
996 2093 1076 2154 opus
1093 2071 1193 2150 illud,
1238 2064 1240 2072 ¹

177 2193 339 2270 postquam
363 2185 476 2263 edidit,
503 2192 682 2249 retractasse
706 2194 736 2249 et
759 2186 958 2271 amplificasse
965 2215 974 2265 3
999 2188 1062 2252 imo
1086 2170 1193 2255 eo1ios

177 2303 263 2366 ducit
283 2303 430 2367 disertum
453 2304 593 2388 Dionysii
618 2304 895 2369 Halicarnassensis
917 2307 1151 2386 testimonium,
1169 2311 1193 2393 3)

178 2424 231 2506 qui
263 2430 379 2501 narrat,
412 2423 571 2487 Platonem
598 2423 636 2487 ad
664 2447 814 2488 summam
838 2448 934 2508 usquc
958 2433 1152 2492 senectutem
1176 2451 1193 2491 a

175 2540 318 2604 limandis
342 2549 373 2604 ct
396 2540 584 2624 expoliendis
605 2542 747 2626 operibus
771 2565 833 2606 non
855 2543 1021 2622 destitisse,
1040 2553 1072 2607 et
1086 2545 1192 2630 ipsum

176 2659 253 2722 illud
283 2682 360 2743 opus
391 2658 429 2720 de
460 2682 520 2742 quo
547 2660 704 2743 loquimur
734 2661 826 2724 etiam
853 2669 987 2726 extremo
1011 2663 1093 2725 vitae
1117 2671 1193 2728 tem·

179 2778 305 2868 polein
329 2779 471 2842 manibus
494 2778 649 2842 habuisse.
700 2778 784 2842 lllud
807 2785 887 2844 certe
914 2788 1022 2844 notatu
1039 2780 1191 2864 dignum,

83 2917 89 2940 ¹
178 2919 255 2980 quae
286 2898 318 2960 in
348 2899 405 2960 hac
439 2897 568 2982 epistola
593 2898 632 2961 de
659 2898 797 2962 Platonis
821 2900 972 2963 sententia
996 2899 1125 2984 politica
1149 2902 1193 2965 di·

180 3133 347 3142 ..α-...ι-

214 3252 237 3311 l)
256 3250 380 3309 Meincka,
397 3251 491 3316 Fragm.
509 3252 577 3302 Com.
595 3253 615 3301 Ι.
632 3268 656 3316 p.
674 3252 730 3301 388.
748 3253 782 3301 11.
799 3268 822 3316 p.
843 3253 914 3302 1162.
938 3254 1027 3317 Bergl,
1046 3254 1101 3304 Rel.
1119 3255 1191 3306 Com.

180 3349 231 3395 Att.
249 3363 274 3410 p.
290 3346 348 3405 404,
365 3352 430 3395 nota.

212 3443 236 3502 9)
255 3441 339 3490 Eidem
356 3442 462 3505 opinioni
479 3441 598 3490 calculum
616 3443 731 3505 adjiciunt
748 3443 927 3502 Tchorzeuski,
944 3445 972 3493 de
984 3444 1048 3493 Plat.
1057 3445 1158 3496 Timaeo
1168 3453 1192 3497 et

130 3563 131 3566 =
179 3536 239 3586 Crit.
257 3538 348 3595 Kazan,
367 3537 446 3595 1847,
464 3543 488 3585 ct
505 3539 618 3596 Stickow,
637 3539 697 3587 libro
716 3539 780 3587 land.
798 3555 821 3602 p.
839 3540 869 3586 41
880 3555 930 3603 sqq.
949 3539 1002 3588 Vid.
1013 3540 1084 3588 etiem
1098 3541 1193 3592 Ueber·

179 3649 241 3696 weg,
259 3633 345 3681 Echth.
364 3651 386 3683 u.
404 3635 472 3683 Zeitf.
484 3634 507 3683 d.
523 3635 585 3683 Plut.
601 3635 668 3683 Schr.
688 3636 764 3693 1861,
777 3652 800 3699 p.
815 3635 860 3684 121
872 3651 906 3698 sq.
924 3636 1101 3685 Ecclesinznsac
1112 3639 1193 3688 editae

177 3729 307 3777 secundum
330 3730 392 3777 Sam.
416 3730 521 3777 Potitum
541 3729 579 3778 01.
597 3731 642 3787 96,
661 3734 688 3788 4;
705 3731 832 3779 secundum
852 3731 996 3779 Palmarium
1014 3731 1078 3779 circa
1097 3733 1135 3781 Ol.
1149 3734 1191 3792 97,

178 3839 230 3872 cum
250 3841 296 3887 quo
315 3825 371 3872 facit
388 3825 605 3888 Morgcusternins3
623 3826 751 3874 secundum
770 3826 932 3874 Tchoiuewski
952 3827 989 3874 Ol.
1007 3825 1047 3883 97,
1065 3827 1089 3876 3.

210 3920 233 3980 3)
254 3922 277 3966 lu
297 3920 377 3968 libello
398 3927 455 3991 Περὶ
473 3927 557 3972 caudeo.
576 3938 599 3984 p.
619 3923 676 3970 209
707 3921 734 3973 ‘0
754 3924 777 3972 δὲ
795 3927 894 3974 Πλάτων
910 3926 960 3980 τοὺς
976 3926 1056 3973 ἑαυτοῦ
1074 3924 1191 3987 διαλόγους

178 4018 331 4076 navigasset
347 4019 505 4083 βοστρνχὶζων
523 4020 561 4065 καὶ
578 4023 652 4067 πάντα
667 4023 751 4084 τρόπον
766 4021 894 4067 ἀναπλέκων
910 4022 935 4066 οὐ
951 4019 1046 4067 διέλιπεν
1054 4018 1191 4080 ὀγδοήκοντα

177 4115 268 4172 γεγονὼς
287 4115 327 4166 ἔτη
344 4115 392 4160 κτλ,
