2746 4950
655 360 715 423 15⁷

180 575 213 631 et
237 565 429 651 Dionysium.
476 566 679 643 Plutarchus,
704 567 736 631 in
759 566 822 629 vita
845 565 936 631 Dion.
961 587 986 630 ο.
1012 568 1050 643 3,
1063 573 1192 630 'secutus

180 695 228 752 est
250 687 436 771 Epistulam,
461 693 593 749 attamen
615 685 709 763 vidit,
729 667 1045 770 opinor,inoredibile
1062 707 1126 750 esse
1138 708 1189 749 eos

183 830 202 870 a
232 805 347 891 populo
378 805 544 883 τυράννους,
578 813 608 868 et
640 803 762 889 quidem
794 804 1005 886 αὐτοκράτορας
1025 803 1191 886 τυράννους,

181 923 351 1009 appellatos
373 924 480 1000 fuisse3
505 923 608 1006 itaque
632 944 686 1008 pro
710 922 767 986 hoo
784 922 904 1006 scripsit
920 914 1111 1003 στραταγοιίς.
1133 925 1191 986 ‘Irr-

181 1043 300 1123 παρίνου
331 1042 430 1127 (dicit)
462 1042 678 1120 πρωτεύσαντος
709 1041 806 1122 ἀνδρὸς
831 1042 1027 1121 Συρακουσίων
1057 1041 1107 1106 καί
1131 1053 1194 1107 Διο-

183 1163 267 1242 νυσίῳ
290 1160 498 1241 συνάρξαντος,
525 1159 572 1226 ίτε
600 1168 707 1242 πρῶτον
733 1159 943 1242 αὐτοκράτοι
950 1185 964 1240 ρ
994 1160 1041 1226 ἐπὶ
1070 1159 1118 1225 τὸν
1144 1157 1195 1226 πί·

182 1297 273 1359 λεμον
303 1280 381 1362 ᾐρέίιρ
412 1279 628 1359 στρατηγός.
675 1278 734 1342 Sed
761 1252 888 1363 uterque
915 1279 1033 1343 erravit.
1079 1275 1194 1344 Verum

184 1407 231 1463 est
254 1398 337 1482 quod
359 1393 513 1462 Diodorus
537 1406 656 1475 narrat,
682 1398 779 1482 primo
798 1397 980 1481 Dionysium
997 1395 1070 1462 belli
1085 1397 1193 1462 ducem

184 1525 320 1583 creatum
344 1540 410 1582 esse
434 1501 503 1582 eum
525 1517 667 1601 collegis,
690 1523 794 1601 postea
808 1496 879 1580 uero
895 1516 967 1595 hos,
984 1516 1068 1581 illius
1084 1517 1196 1581 calum·

183 1637 245 1701 niis
261 1638 293 1701 in
310 1636 411 1700 odium
430 1635 639 1700 multitudinis
658 1634 826 1713 adductos,
844 1634 950 1720 pulsos
966 1643 997 1699 et
1012 1636 1069 1699 soli
1083 1635 1197 1720 Diony-

184 1756 231 1818 sio
246 1743 406 1839 imperium
422 1753 601 1818 mandatum
617 1775 681 1816 esse
698 1753 747 1837 (ef.
761 1752 855 1817 Grote
863 1802 872 1831 ,
886 1776 916 1838 p.
930 1756 993 1818 440
1006 1756 1073 1838 στρ).
1098 1753 1197 1834 Quae·

184 1896 257 1937 nam
289 1881 392 1938 autem
424 1873 480 1936 hae
511 1874 544 1936 in
573 1895 605 1936 re
637 1871 802 1957 Hipparini
830 1873 945 1936 fuerint
967 1879 1083 1957 partes,
1108 1872 1197 1939 docet

184 1992 365 2057 Aristoteles
393 1993 425 2056 iu
448 1993 569 2057 Politia.
593 1992 639 2070 V,
666 1995 727 2070 56,
754 1994 807 2077 qui
827 2000 929 2056 narrat
945 2016 1031 2071 eum,
1049 1993 1196 2057 exhausto

184 2112 387 2198 patrimonio,
412 2135 499 2197 opem
520 2112 627 2176 tulisse
643 2111 791 2196 Dionysio
809 2113 842 2175 in
858 2112 1036 2197 occupando
1051 2113 1196 2198 imperio,

185 2244 358 2316 sperantem
389 2221 535 2295 nimirdm
565 2232 628 2296 fore
653 2241 690 2295 ut
712 2232 769 2295 hao
793 2233 910 2295 ratione
933 2255 994 2296 rem
1019 2232 1196 2296 familiarem

186 2350 412 2435 quodammodo
436 2351 580 2414 reficeret.
597 2352 619 2434 Ι)
666 2350 751 2415 Haeo
773 2372 835 2414 non
864 2372 988 2435 prorsus
1012 2352 1197 2415 conveniunt

185 2492 258 2533 cum
289 2469 326 2533 iis
358 2491 435 2553 quae
459 2468 497 2532 de
520 2443 685 2554 Hipparini
709 2468 792 2532 illius
816 2469 919 2532 indole
942 2471 973 2532 in
998 2470 1056 2534 hoo
1079 2470 1197 2555 Episto-

185 2586 235 2650 lae
262 2587 329 2650 loeo
359 2595 574 2651 memorantur.
622 2585 663 2650 Et
693 2610 770 2672 quae
801 2587 915 2652 ibidem
944 2611 973 2672 p.
1007 2590 1070 2652 355
1099 2589 1125 2653 E
1156 2589 1197 2651 le-

187 2713 321 2790 guntur,
353 2705 408 2770 ubi
438 2728 549 2789 magno
581 2707 608 2769 ei
637 2706 746 2769 honori
765 2705 915 2790 tribuitur
925 2705 1020 2789 *quod
1043 2706 1102 2770 άπὸ
1125 2707 1198 2787 βαρ-

187 2823 285 2904 βάρων
315 2824 499 2903 ἠλευθέρωσεν
530 2827 558 2890 ἐν
580 2827 620 2905 τῷ
645 2824 713 2888 τίτε
739 2823 832 2904 χρόνῳ
851 2827 903 2899 τὴν
926 2825 1026 2903 πάλιν,
1050 2825 1083 2889 in
1098 2826 1196 2889 maius

188 2950 279 3007 aucta
307 2943 459 3006 videntur.
505 2941 602 3022 Quasi
631 2942 704 3007 huie
727 2943 782 3006 uui
806 2965 822 3006 e
850 2942 953 3007 decem
969 2943 1098 3007 ducibus
1112 2944 1196 3008 salus
1297 2979 1298 2982 ¹

188 3060 309 3125 Siciliae
331 3037 518 3146 imputanda¹
534 3061 628 3124 esset!

235 3180 279 3244 Ut
299 3188 400 3247 autem
420 3180 520 3258 hune,
544 3181 588 3244 ita
604 3179 695 3243 etiam
706 3179 853 3244 minorem
865 3179 1088 3264 Hipparinum,
1106 3181 1197 3245 huius

189 3306 349 3383 nepotem,
366 3297 469 3362 nimiis
485 3297 604 3361 extollit
619 3296 781 3376 laudibus,
799 3320 896 3382 quum
912 3321 1015 3383 regem
1031 3322 1100 3363 eum
1120 3321 1199 3363 oom-

190 3417 314 3481 mendat
337 3417 412 3481 duas
436 3416 474 3481 ob
500 3439 620 3481 causas:
644 3417 731 3497 χάριν
751 3425 804 3492 τῆς
823 3442 857 3482 τε
875 3418 908 3492 δὴ
929 3424 976 3482 νῦν
996 3417 1128 3496 βοηθείας
1148 3421 1197 3484 καί

191 3538 264 3620 (τοῦ)
291 3536 364 3600 ὁσίου
387 3537 511 3615 τρίτου,
537 3532 567 3607 ὃς
590 3535 741 3612 γενόμενος
768 3535 902 3614 τυράννου
925 3534 1033 3615 πατρὸς
1056 3536 1123 3600 ἑκὼν
1146 3536 1198 3610 τάν

226 3874 250 3936 l)
268 3873 404 3923 Aristotelis
421 3872 505 3931 verba,
522 3873 595 3922 citata
614 3889 628 3922 a
645 3873 746 3932 Groteo,
765 3873 821 3922 haec
838 3878 906 3920 suut:
923 3875 1018 3936 γίνονται
1033 3873 1057 3923 δὲ
1068 3876 1200 3939 μεταβολαὶ

192 3979 234 4029 τῆς
260 3973 392 4038 ὀλιγαρχίας
417 3973 453 4021 καὶ
479 3973 535 4020 ὅταν
558 3973 687 4019 ἀναλώσωσι
714 3974 744 4019 τὰ
765 3969 813 4020 ἴδια
829 3977 912 4031 ζῶντος
928 3970 1042 4032 ἀσελγῶς·
1061 3973 1098 4018 καί
1115 3972 1161 4036 γάρ
1178 3972 1198 4018 oi

194 4071 289 4117 τοιοῦτοι
314 4041 451 4129 καινοτομοῖν
468 4069 560 4127 ζητοῦσι
584 4067 620 4115 καί
637 4067 652 4121 ἡ
669 4063 780 4132 τυραννίδι
794 4066 932 4114 ἐπιτίθενται
944 4066 1007 4114 αὐτοὶ
1023 4066 1038 4120 ἡ
1057 4071 1200 4114 κατασκιυά·

195 4170 268 4223 ζουσιν
284 4164 374 4228 ἔτερον,
391 4165 470 4225 ὥσπερ
485 4157 614 4229 Ἱππαρῖνος
630 4160 737 4210 moriem
753 4163 775 4208 ίν
791 4161 947 4227 Συρακούσαις.
