2746 4950
658 337 718 397 195
796 350 798 356 ·

185 542 311 625 σύνθεσίς
335 545 420 607 ἔστιν.
457 540 504 604 (ll.
529 564 558 627 p.
583 544 647 604 435
674 543 711 605 A.
730 541 764 606 B.
781 540 875 627 Soph.
892 565 921 625 p.
940 544 1002 605 263
1020 541 1058 605 D.
1077 541 1190 605 Verum

186 661 309 745 Oratylo
325 661 368 724 sio
384 682 459 724 usus
482 668 528 724 est
545 661 694 745 scriptor,
721 668 755 725 ut
775 683 853 744 quae
868 659 1004 724 Platonis
1019 661 1112 725 luerit
1127 682 1187 724 sen·

185 781 282 844 tentia
304 802 412 864 parum
428 780 615 864 perspexisse
638 779 785 844 videatur.
832 778 994 842 Tractatnr
1016 780 1048 843 in
1071 801 1106 843 eo
1129 779 1191 860 dia-

186 900 255 984 logo
288 898 437 983 quaestio,
470 905 573 962 utrum
596 899 721 994 nomina
743 899 805 982 sint
819 899 907 980 (pilon
924 920 963 961 an
978 898 1069 972 θέσει,
1086 905 1189 962 utrum

114 996 116 1001 ¹
186 1016 333 1080 naturalis
369 1017 409 1080 sit
439 1015 656 1098 vocabulorum
690 1038 758 1096 cum
790 1015 880 1080 rebus
910 1015 1120 1093 necessitudo,
1143 1038 1190 1079 vran

185 1156 238 1218 pro
263 1133 387 1198 arbitrio
411 1133 501 1198 rebus
524 1129 586 1198 sint
608 1135 760 1228 imposita.
792 1133 948 1198 Posterius
964 1132 1100 1216 defendit
1115 1132 1192 1197 Her-

185 1275 344 1336 mogenes,
377 1253 430 1336 qui
461 1251 618 1316 contendit
647 1253 772 1316 nomina
801 1253 880 1315 facta
902 1274 966 1316 esse
997 1253 1116 1336 συνθήκῃ
1142 1252 1192 1314 καὶ

184 1372 334 1456 ὁμολογίᾳ,
359 1370 389 1434 h.
415 1393 440 1433 e.
464 1371 557 1447 θέσεις
582 1372 767 1446 contrarium
790 1369 890 1456 placet
913 1368 1053 1453 Oratylo‚
1079 1369 1128 1432 oui
1143 1367 1194 1432 So

183 1497 279 1551 crates
308 1483 365 1552 'vel
396 1488 498 1573 potins
522 1486 611 1550 Plato
643 1487 809 1568 assentitur
843 1495 984 1571 eatenus,
1021 1486 1103 1569 quod
1127 1508 1193 1549 cen·

184 1616 228 1671 set
259 1604 348 1684 ὄνομα
382 1629 446 1670 esse
478 1609 656 1686 πράγματα
687 1607 810 1683 δήλωμα
840 1607 901 1668 sive
930 1605 1054 1683 μίμαμα
1084 1620 1194 1669 τινακα-

111 1702 112 1707 i
182 1725 254 1800 βαῖς
285 1724 335 1789 καὶ
367 1724 542 1807 γράμμασιν
569 1727 610 1812 (p.
635 1726 698 1786 433
731 1723 767 1786 Β.
795 1724 832 1786 ol.
861 1746 891 1808 p.
920 1725 984 1786 433
1012 1723 1063 1807 Ε),
1100 1730 1191 1807 atque

118 1836 120 1842 ¹
183 1847 258 1906 adeo
289 1843 441 1906 vocabula
471 1842 529 1905 rite
555 1843 635 1905 facta
666 1842 797 1927 ipsarum
821 1864 921 1906 rerum
947 1864 1010 1905 esse
1033 1842 1193 1928 imagines:

181 1961 221 2026 τθι
253 1962 276 2023 θ’
304 1961 437 2046 ὀνόματα
455 2009 461 2022 .
478 2009 506 2024 ..
531 1962 762 2037 ὡμολογήκαμεν
791 1961 832 2025 rol
859 1967 956 2032 καλῶς
986 1961 1132 2036 κεθμενα.
1155 2011 1192 2046 ,1

181 2078 251 2144 εἶναι
287 2080 396 2150 εθκινας
432 2086 487 2143 τῶν
522 2079 707 2159 πραγμάτων
742 2083 784 2163 (p.
820 2082 884 2143 439
920 2079 970 2162 Α).
1016 2077 1089 2142 Non
1123 2101 1194 2143 vero

181 2199 346 2261 assentitur
379 2197 478 2260 eidem
514 2196 638 2282 Cratylo
673 2198 812 2283 opinanti
846 2204 1005 2283 propterea
1035 2197 1195 2261 vocabulo.

180 2339 248 2380 runi
286 2317 347 2379 sive
387 2293 510 2400 linguae
555 2315 759 2399 cognitionem
801 2316 880 2399 viam
915 2337 979 2379 esse
1014 2314 1052 2378 ad
1093 2337 1194 2378 rerum
1221 2371 1223 2373 ,

109 2445 114 2451 “
181 2435 347 2498 scientiam.
393 2433 462 2497 Jam
489 2456 559 2498 vero
591 2434 666 2517 quid
689 2433 814 2497 noster?
860 2432 944 2497 Dicit
973 2433 1006 2496 in
1039 2432 1195 2515 vocabulis

182 2576 245 2615 esse
274 2551 352 2615 nihil
381 2551 520 2636 βέβαιον,
553 2552 627 2635 quin
663 2552 739 2631 οὐθὲν
771 2553 889 2616 κωλύειν
919 2552 959 2616 rol
990 2558 1037 2616 νῦν
1071 2575 1197 2631 στρομ.

181 2672 275 2747 μύλα
298 2671 466 2749 καλούμενα
489 2670 592 2735 εθθέα
614 2672 787 2745 κεκλῆσθαι,
807 2671 848 2735 τα
867 2672 1005 2734 τέθθὲα
1022 2670 1055 2744 δὴ
1071 2678 1196 2749 στρομ.

181 2789 298 2865 ylla:
324 2789 381 2854 hoc
406 2798 450 2854 est
473 2789 563 2874 plane
586 2789 618 2852 id
641 2791 741 2875 ipsum
759 2789 841 2873 quod
858 2788 1015 2853 contendit
1031 2789 1195 2875 Hermoge-

181 2930 248 2986 nes,
273 2930 303 2991 p.
328 2910 392 2971 384
415 2907 461 2972 D:
486 2909 548 2986 ἐμοὶ
567 2908 626 2986 γὰρ
644 2908 735 2980 δοκεῖ,
756 2907 772 2972 θ
785 2933 812 2972 τι
832 2906 868 2972 θιν
880 2908 924 2978 τίς
940 2932 980 2986 τῳ
992 2909 1074 2981 θῆται
1090 2907 1193 2990 ὄνομα,
1296 2904 1298 2908 ’

181 3029 259 3091 ταῦτ’
275 3022 346 3091 εἶναι
370 3026 418 3090 καὶ
442 3026 475 3090 τθ
499 3024 594 3107 θρθθν·
618 3026 667 3104 καὶ
691 3023 727 3105 θιν
751 3023 829 3099 αὖθίς
854 3021 988 3120 μ’έτεραν
1011 3027 1193 3109 μεταθῆται,

182 3147 268 3210 έκεῖνο
298 3146 327 3209 δὲ
359 3145 461 3223 μηκέτι
484 3155 582 3226 καλῇ,
597 3196 604 3210 .
620 3194 649 3209 ..
681 3145 757 3209 οὐδὲν
788 3143 871 3221 ἧττον
900 3147 978 3209 ταῦτ’
1001 3141 1072 3209 εἶναι
1103 3147 1193 3227 θρθθν,

182 3264 215 3328 τὸ
246 3263 421 3346 μετατεθὲν,
458 3268 508 3327 τοῦ
541 3262 673 3343 τρθτεμν
703 3262 848 3340 κειμέναις
885 3285 977 3348 quam
1012 3264 1195 3327 sententiam

183 3391 288 3446 contra
310 3382 463 3468 improbat
488 3381 586 3447 Plato.
601 3383 625 3465 1)

226 3502 375 3586 Deinceps
399 3501 540 3584 seqnitur
562 3501 595 3564 in
619 3500 759 3584 Epistola
782 3500 868 3565 locus
891 3500 1112 3581 memorabilis,
1130 3522 1191 3584 quo

182 3619 308 3700 docetur
338 3641 441 3684 omnes
472 3619 527 3704 qui
555 3641 617 3684 non
648 3618 706 3684 rite
736 3619 882 3712 έπιστθμιι
913 3618 1025 3684 eruditi
1056 3620 1133 3696 sint,
1156 3620 1189 3683 in

182 3739 391 3824 cognoscendo
414 3746 445 3802 et
467 3737 652 3823 disputando
676 3737 750 3801 falli.
775 3737 903 3824 Legitur
926 3761 956 3822 p.
981 3741 1044 3802 343
1070 3737 1094 3800 C
1117 3738 1189 3802 inde

216 4031 239 4090 1)
256 4029 362 4079 Platonis
378 4027 521 4078 annuntiem
537 4027 658 4077 subtiliter
675 4027 777 4092 explicet
795 4027 917 4085 manich,
935 4026 1031 4089 Proleg.
1050 4026 1080 4075 ed
1101 4025 1183 4089 Cratyl

145 4124 155 4132 “
182 4125 246 4188 Lipr.
266 4124 341 4182 1841,
359 4139 383 4187 p.
400 4123 432 4172 ‘20
449 4128 481 4172 ct«
490 4124 519 4172 41
539 4139 590 4187 sqq.

909 4173 911 4177 ⁷
1016 4216 1072 4274 13*
