2746 4950
659 323 699 385 78

178 532 217 597 ad
239 531 421 617 Dionysium
443 529 565 594 locutus
589 535 635 592 est
658 529 720 592 scio
744 535 775 593 et
796 529 952 594 memini.'’
981 529 1043 595 Pro
1067 531 1128 598 hoc
1142 530 1185 595 di·

178 673 245 715 cere
273 649 392 714 debuit:
420 669 521 732 „quae
544 668 645 711 coram
666 647 815 733 Dionysio
838 646 877 711 ad
905 670 954 713 me
983 649 1110 715 locutus
1125 656 1185 714 *est

178 768 349 833 Theodotes
380 767 443 830 scio
476 774 506 830 et
528 765 652 831 memini
659 763 690 844 ,’'
713 773 749 830 ut
772 787 788 830 e
811 766 1009 849 sequentibus
1032 767 1070 832 lit
1090 768 1184 833 mani·

176 887 298 953 festum.
329 883 415 950 Bella
437 883 572 969 prolecto
598 883 733 947 incuria!
761 881 822 947 Sed
845 884 976 969 scriptor
997 892 1106 950 nostor
1121 908 1182 950 ver·

176 1005 224 1071 bis
247 1012 278 1068 et
299 1003 424 1069 vocibus
447 1002 584 1067 intentus
608 1000 793 1066 adsensum
817 1024 927 1087 parum
949 1002 1093 1068 attendit.

221 1121 325 1187 Sermo
359 1121 402 1185 sic
436 1120 559 1205 incipit:
606 1118 733 1185 Παότων
757 1120 832 1199 γοὶρ,
855 1118 931 1202 ἔφη,
956 1122 1104 1187 Διονύσιον
1127 1122 1184 1200 ἐγὼ

179 1242 264 1307 cello
300 1239 423 1311 τουτονὶ.
460 1239 510 1304 εὀὶν
544 1240 602 1316 ἐγὼ
636 1239 766 1317 γένωμαι
805 1239 882 1320 δεῦρο
919 1241 1108 1320 Ἡρακλείδην
1145 1265 1187 1306 κο·

179 1359 265 1438 μίταν
296 1358 413 1429 δυνατός
437 1361 504 1433 ἡμῖν
526 1358 566 1429 εἷς
584 1357 688 1434 λόγους
711 1357 774 1437 περὶ
796 1362 853 1422 τῶν
878 1357 1078 1436 ἐγκλημάτων
1107 1360 1186 1442 αὐτῷ

179 1483 235 1544 τῶν
264 1483 310 1542 νῦν
340 1475 517 1554 γεγονότων,
547 1473 583 1541 aba
613 1475 672 1557 ἄρα
701 1477 743 1554 μὴ
773 1475 838 1559 δόξρ
861 1476 917 1541 δεῖν
940 1476 1027 1543 αὐτόν
1049 1479 1188 1545 οἰκεῖνὲν

180 1596 317 1679 Σικελία,
340 1595 388 1660 τόν
405 1619 439 1660 τε
458 1595 515 1659 οἷόν
534 1593 671 1671 λαβόντα
689 1594 739 1658 καὶ
759 1595 811 1667 τὴν
830 1601 958 1672 γυναῖκα
979 1593 1051 1671 aliid
1074 1597 1117 1668 εἰς
1134 1607 1187 1662 Πε·

178 1712 345 1789 λοπόνννσον
374 1712 518 1777 οὶποπλεῖν
545 1714 628 1777 οἰκεῖν
658 1737 692 1777 τε
722 1712 902 1790 βλάπτοντα
930 1713 1017 1791 μηδὲν
1041 1715 1188 1780 Διονόποον

179 1835 254 1909 ἐκεῖ,
285 1831 479 1913 καρπούμενον
506 1830 535 1894 δὲ
568 1830 609 1895 τόν
638 1830 760 1895 ἑαυτοῦ.
791 1829 1033 1910 μετεπεμψάμην
1064 1833 1121 1909 μὲν
1144 1829 1189 1898 οὖν

179 1951 228 2016 καὶ
258 1949 388 2031 πρότερον
417 1949 521 2021 αὐτόν,
550 1947 788 2029 μεταπέμψομαι
819 1949 848 2015 δὲ
874 1950 924 2015 καὶ
947 1955 994 2015 νῦν
1006 1999 1015 2032 ‚
1040 1947 1084 2014 ἄν
1101 1949 1190 2017 τὀὗν

178 2069 238 2133 απὸ
271 2077 324 2143 τῆς
354 2067 490 2148 προτέρας
519 2073 720 2143 μεταπομπῆς
751 2065 787 2131 ἴον
817 2092 851 2132 τε
881 2069 930 2133 καὶ
961 2067 1021 2133 ἀπὸ
1050 2077 1104 2144 τῆς
1141 2075 1189 2135 νῦν

180 2188 328 2268 ὑπααοόπρ
357 2210 415 2264 μον.
451 2184 593 2250 Δοονότοον
615 2185 640 2250 δ’
653 2184 724 2261 ἀξιῶ
749 2187 798 2250 καὶ
822 2185 940 2269 δέομαι,
966 2184 1004 2252 όιν
1020 2211 1066 2259 τις
1086 2188 1191 2266 ἐντυγ-

178 2329 259 2388 χανγ
279 2304 448 2386 Ἡρακλενόρ
469 2303 519 2370 εὀόν
541 2306 569 2369 τ’
587 2305 615 2368 ἕν
641 2304 721 2385 οὶγρῷ
745 2303 794 2369 ἑόν
816 2305 843 2369 τ’
863 2305 973 2381 ledaldo,
997 2305 1085 2383 μηδὲν
1109 2306 1191 2372 ἄλλο

180 2426 259 2504 αὐτῷ
281 2430 410 2505 Φλαῦρον
433 2423 602 2505 γίγνεσθαι,
625 2431 808 2501 μεταστῆναι
832 2423 856 2488 δ’
879 2424 911 2488 ἐκ
933 2432 986 2499 τῆς
1000 2423 1118 2508 χώρας,
1137 2424 1191 2498 ἕως

179 2542 216 2608 aa
238 2540 313 2606 ἄλλο
335 2566 364 2607 τι
387 2535 521 2624 abab
538 2539 620 2621 δόξα.
643 2547 769 2617 Ταῦτα,
792 2541 869 2626 ἔφη,
893 2549 1074 2623 πνγχωρεῑςς
1091 2542 1192 2620 λέγων

179 2661 248 2744 πρὸς
277 2662 325 2725 τὸν
345 2658 494 2725 Διονύσιον.
541 2667 708 2740 Σογχωρῶ,
733 2660 800 2738 μηδ’
821 2658 857 2725 ἂν
881 2660 948 2741 πρὸς
970 2669 1007 2743 τῇ
1030 2669 1085 2743 τῇ,
1111 2661 1191 2744 ἔφη.

178 2784 261 2862 Φανῇ
276 2778 374 2862 οἰκία,
397 2778 544 2844 πείσεπόαν
567 2784 697 2862 Φλαῦρον
712 2779 799 2855 μηδὲν
816 2779 898 2860 παρόν
917 2780 958 2844 τόν
975 2784 1022 2844 νῦν
1041 2779 1192 2859 εἰρημένα.

225 2897 383 2964 Vocabula
412 2869 442 2963 el
471 2899 606 2963 membra
628 2921 736 2984 parum
759 2907 827 2984 apte
851 2921 985 2964 connexa
1007 2900 1192 2985 interpreta-

180 3016 264 3081 tione
285 3016 424 3102 indigent
447 3023 482 3080 ut
509 3016 602 3101 probe
624 3016 844 3101 intelligantur.
860 3019 883 3102 Ι)
912 3017 1042 3097 ‚,Plcto‚
1065 3019 1191 3103 inquit,

181 3156 260 3219 „ego
294 3134 441 3219 Dionysio
464 3133 641 3219 ¹persuadeo
675 3136 767 3219 (vultt
802 3136 925 3221 suadeo)
959 3144 1013 3215 ut,
1039 3138 1066 3200 si
1092 3137 1194 3204 Hera

181 3251 313 3331 „elidem
340 3251 489 3316 adducere
519 3274 628 3335 queam
662 3261 698 3317 ut
727 3253 788 3317 huc
820 3254 852 3317 in
875 3254 1063 3338 colloquium
1086 3256 1193 3322 nobis-

145 3425 148 3431 .
181 3393 275 3449 „cum
298 3370 399 3435 veniat
422 3369 458 3434 de
482 3370 660 3435 criminibus
683 3393 761 3455 quae
784 3373 812 3436 ei
826 3375 978 3458 imputata
993 3381 1082 3452 sunt,
1100 3384 1132 3439 et
1143 3377 1190 3456 si,

181 3489 250 3568 „ab
264 3491 397 3572 οορνοόόόο,
414 3489 556 3574 Dionysio
571 3511 633 3553 non
649 3489 767 3574 placeat
781 3490 870 3555 illum
886 3492 918 3555 in
929 3490 1033 3556 Sicilia
1044 3515 1169 3558 manere
1177 3544 1188 3573 ,

182 3606 326 3692 „postulo
354 3613 387 3670 ot
408 3606 487 3670 oinct
509 3629 579 3670 eum
602 3629 672 3671 oum
694 3607 758 3672 filio
780 3615 810 3672 et
832 3631 927 3674 uxore
950 3609 983 3675 in
997 3609 1193 3696 Peloponne-

181 3749 273 3806 ,‚sum
301 3726 443 3810 navigare
473 3725 576 3809 ibique
606 3726 743 3791 habitare
773 3734 803 3792 et
835 3727 982 3793 reditibus
1012 3730 1075 3794 suis
1106 3731 1190 3810 frui,

183 3867 240 3924 „ea
256 3843 429 3908 conditione
445 3851 480 3908 ut
495 3843 573 3908 nihil
588 3852 693 3908 contra
708 3845 890 3930 Dionysium
905 3846 1058 3912 moliatur.
1082 3846 1190 3929 Quare

218 4101 241 4162 1)
258 4100 325 4165 Quae
341 4099 470 4165 supplenda
486 4104 542 4149 sunt
557 4098 676 4150 distinctis
692 4100 766 4150 literis
783 4105 873 4152 notavi.
