2746 4950
652 369 713 432 187

183 577 345 663 quodque,
370 577 452 660 quod
476 578 576 640 animo
600 577 741 653 offertur,
766 577 940 661 exploretur
960 583 993 639 et
1016 576 1133 639 ratione
1156 581 1187 644 st

182 719 236 781 per
262 718 363 759 rerum
394 696 610 780 experientiam
641 695 797 772 sensibuS,
830 694 980 778 quidquid
1003 694 1115 758 dicitur
1137 693 1186 756 vel

181 815 354 879 ostenditur
376 814 463 878 facile
485 814 730 899 redarguendum
753 837 785 877 se
808 814 945 899 praebet,
971 835 1067 898 eoque
1083 835 1187 876 omnes

181 935 281 1012 omni,
316 941 352 997 ut
377 935 421 998 ita
444 933 560 1012 dicam,
585 934 786 1018 ambiguitate
809 941 839 997 et
862 933 1046 998 obscuritate
1069 933 1184 1019 implet.
1258 953 1259 956 ’

180 1054 218 1127 Iu
249 1054 362 1138 quibus
385 1054 480 1138 igitur
503 1077 565 1117 non
588 1055 702 1118 assueti
726 1076 833 1117 sumus
857 1053 895 1117 ob
919 1069 1040 1138 pravam
1065 1053 1187 1116 institu-

178 1173 293 1237 tionem
323 1196 428 1237 verum
458 1173 657 1257 investigare,
682 1173 735 1236 sed
759 1173 868 1236 oblatis
892 1195 994 1236 rerum
1017 1170 1185 1236 simulacris

179 1292 314 1355 contenti
337 1314 461 1369 sumuS,
485 1291 571 1356 facile
594 1291 787 1355 ludificamur
809 1291 938 1356 invicem
953 1290 1130 1374 interrogati
1147 1289 1184 1353 ab

181 1409 457 1493 interrogantibuS‚
490 1409 602 1492 quibus
633 1410 763 1474 facultas
794 1411 834 1473 sit
857 1416 990 1493 quatuor
1011 1409 1065 1473 illa
1088 1408 1187 1471 discu-

181 1528 278 1593 tiendi
308 1535 339 1591 et
370 1528 527 1612 arguendi.
574 1529 637 1593 Ubi
660 1551 729 1592 vero
753 1530 786 1592 in
809 1528 1020 1614 respondendo
1044 1529 1186 1611 quintum

180 1647 260 1712 illud
283 1646 434 1731 explicare
455 1669 578 1711 necesse
601 1654 663 1725 est,
689 1649 874 1731 quicumque
897 1647 1087 1733 disceptandi
1111 1646 1187 1731 peri-

180 1775 232 1830 tus
264 1765 498 1850 [adversarium]
531 1765 704 1830 subvertere
736 1766 826 1842 velit,
857 1766 952 1829 vincit
975 1765 1126 1848 efficitque
1151 1771 1186 1828 ut

182 1885 226 1962 is,
251 1885 303 1968 qui
327 1884 463 1947 oratione
487 1883 534 1947 vel
556 1884 653 1948 literis
676 1885 724 1949 vel
747 1885 941 1970 responsione
957 1908 1019 1949 rem
1036 1883 1187 1969 explicare

107 2023 110 2028 ·
181 2002 270 2081 velit,
295 2002 448 2087 plerisque
472 2002 662 2067 audientium
685 2002 764 2066 nihil
788 2025 893 2066 eorum
924 2025 1001 2086 quae
1025 2002 1123 2067 dicere
1138 2001 1186 2065 vel

182 2120 313 2184 scribere
343 2119 519 2205 aggreditur
550 2120 719 2205 intelligere
752 2121 907 2185 videatur:
932 2144 1008 2206 quos
1031 2121 1186 2185 interdum

181 2239 279 2323 fugit,
303 2261 366 2303 non
388 2245 528 2302 naturam
545 2239 694 2323 cuiusque
710 2242 843 2324 quatuor
857 2242 997 2319 illorum,
1015 2241 1068 2304 sed
1084 2240 1186 2326 potius

183 2360 317 2422 animum
342 2357 499 2425 scribentis
519 2359 567 2421 vel
583 2359 736 2442 loquentis
753 2361 856 2444 argui,
873 2361 951 2424 male
967 2384 998 2424 se
1013 2360 1184 2425 habentem.

181 2477 346 2541 Discursus
369 2499 439 2540 vero
461 2499 515 2560 per
538 2478 640 2551 omnia
661 2478 715 2541 illa
738 2501 859 2542 sursum
882 2479 1043 2558 deorsum,
1064 2480 1186 2564 singula

182 2596 323 2679 deinceps
347 2595 522 2684 explorans,
542 2595 592 2658 vix
612 2596 735 2661 tandem
751 2598 908 2662 scientiam
924 2598 1023 2683 gignit
1038 2599 1185 2662 sinceram

181 2717 215 2780 in
241 2715 341 2778 animo
365 2714 498 2790 since1·o;
524 2714 603 2777 atsi
627 2715 695 2798 quis
718 2716 798 2779 mala
820 2717 922 2781 indole
946 2718 986 2780 sit
1008 2718 1184 2803 praeditus,

182 2834 353 2899 cuiusmodi
377 2840 423 2898 est
445 2834 659 2918 plerorumque
683 2836 775 2899 animi
797 2836 915 2900 indoles
939 2844 1002 2900 tam
1025 2837 1063 2899 ad
1078 2837 1187 2900 doctri-

182 2976 253 3018 nam
283 2975 374 3036 quam
397 2952 437 3016 ad
461 2975 575 3030 mores,
600 2953 711 3038 partim
735 2955 825 3018 etiam
849 2956 874 3018 si
897 2955 1112 3038 (institutione)
1136 2956 1188 3019 de·

183 3078 326 3158 pravatus
357 3072 413 3148 sit,
446 3071 595 3135 eiusmodi
624 3073 747 3158 ingenia
776 3096 815 3136 ne
837 3073 979 3158 Lynceus
1003 3074 1125 3157 quidem
1147 3082 1187 3139 ut

183 3198 307 3257 cernant
337 3190 452 3254 efficere
482 3198 593 3274 posset.
640 3192 685 3255 Ut
712 3192 886 3256 summatim
918 3192 1033 3270 dicam,
1067 3194 1120 3276 qui
1142 3194 1186 3257 rei

183 3313 243 3398 ipsi
285 3310 337 3394 [ds
368 3331 429 3393 qua
459 3311 629 3394 quaeritur]
661 3333 723 3374 non
759 3318 906 3396 cognatus
941 3312 997 3388 sit,
1031 3335 1100 3375 eum
1131 3335 1187 3376 nec

186 3436 354 3446 ——-

217 3483 241 3543 2)
260 3482 337 3546 Vulgo
354 3485 379 3532 οὐ
394 3484 573 3545 καταγέλαστοι,
590 3482 652 3545 quod
669 3482 689 3530 si
705 3485 822 3542 servatur,
840 3482 992 3532 enuntiatum
1003 3499 1045 3547 per
1056 3484 1187 3549 interroga·

184 3576 274 3625 tionem
291 3577 434 3625 efferendum
452 3580 495 3624 est.

218 3671 242 3730 3)
259 3671 336 3719 Verba
356 3671 389 3719 sic
406 3672 581 3735 transponenda
598 3672 714 3731 arbitror,
733 3676 761 3720 ut
776 3672 851 3721 latine
868 3674 933 3724 dedi:
954 3679 995 3742 οὐχ
1014 3681 1029 3733 ἡ
1046 3686 1089 3726 τῶν
1106 3683 1187 3728 τεττά-

184 3787 229 3835 ρων
250 3768 312 3832 φύσις
333 3768 428 3817 ἑκάστου
445 3770 573 3833 ἐλέγχεται,
598 3765 648 3817 ἀλλ’
668 3773 683 3825 ἡ
706 3773 765 3834 ψυχὴ
781 3773 821 3819 τοῦ
835 3775 905 3838 γράψ.
923 3775 938 3827 ἣ
953 3773 999 3830 lte.
1018 3790 1070 3839 nep.
1091 3774 1185 3838 φαύλως.

184 3864 246 3912 Nam
271 3863 289 3910 si
314 3862 419 3925 imperiti
442 3878 455 3910 a
475 3862 557 3927 peritis
579 3864 766 3929 redarguuntur,
789 3880 859 3914 causa
881 3870 917 3922 est
940 3883 988 3928 pop
1005 3868 1030 3929 ip
1047 3884 1086 3938 ξε,
1104 3869 1145 3918 sed
1160 3868 1184 3917 in

185 3959 308 4008 hominum
327 3957 429 4007 inscitia.
