2746 4950
666 360 703 420 11

182 569 220 631 lis
252 566 408 631 familiaris
433 566 481 649 (de
506 587 566 649 quo
591 565 696 629 Cicero
719 565 822 628 Divin.
848 588 873 628 c.
899 567 970 649 25),
995 563 1184 641 Alcmenes,

182 710 261 750 unus
294 709 310 749 e
333 685 522 771 principibus
547 685 753 763 Achaeorum,
778 685 909 769 denique
933 684 1037 747 Miltas
1061 684 1186 748 Thessa·

180 807 241 883 lus,
268 813 367 882 vates,
391 805 528 868 Platonis
553 805 674 869 auditor
697 804 791 888 (Plut.
813 804 949 868 Ι)1011.1.
968 807 1026 882 22,
1045 806 1101 882 23,
1120 805 1183 888 28).

180 925 303 988 Praeter
331 923 401 986 illos
432 945 448 985 e
477 922 561 986 mille
592 922 731 986 exsulum
760 945 887 986 numero
917 923 1053 1006 quinque
1084 928 1115 985 ct
1144 922 1185 986 vi-

179 1042 258 1127 ginti
289 1042 321 1105 in
344 1039 542 1126 expeditionis
566 1042 740 1108 societatem
762 1048 914 1104 venerant.
936 1039 1055 1129 'Quum
1078 1047 1180 1105 autem

182 1161 242 1224 Dio
273 1160 434 1245 Syracusas
464 1161 614 1238 venisset,
647 1159 691 1224 ibi
721 1158 812 1224 multi
843 1183 875 1223 se
905 1160 933 1222 ci
963 1158 1184 1245 adjunxerunt,

181 1302 312 1363 quorum
335 1285 436 1342 tamen
458 1301 521 1342 non
543 1279 603 1342 nisi
625 1278 730 1363 pauci,
755 1279 872 1364 opinor,
892 1277 997 1343 οἰκείων
1020 1279 1185 1360 11ἑτνείρων

181 1399 304 1462 nomine
327 1397 413 1482 digni
435 1398 567 1461 fuerunt.
606 1396 836 1462 Fidissimorum
860 1398 1024 1461 amicorum
1048 1405 1078 1462 et
1101 1398 1185 1462 soda-

181 1517 257 1581 lium
287 1517 424 1601 plerique
455 1516 636 1601 proeliantes
659 1515 802 1580 adversus
825 1523 969 1601 tyrannos
993 1517 1184 1596 ceciderunt,

182 1636 234 1699 alii
257 1634 294 1699 ab
318 1657 353 1698 eo
377 1634 585 1713 desciverunt,
610 1640 646 1698 ut
669 1633 827 1720 Callippus
851 1635 977 1718 eiusque
1000 1635 1088 1714 socii,
1113 1658 1186 1720 qno-

113 1830 116 1839 y
181 1778 251 1818 rum
274 1755 482 1839 conjuratione
505 1760 608 1838 postea
631 1760 755 1817 necatus
780 1761 825 1817 est
847 1753 941 1837 (Plut.
964 1777 989 1817 c.
1009 1756 1070 1838 57).
1095 1753 1193 1835 Fidoss

182 1874 311 1951 amicos,
336 1873 440 1957 quales
464 1872 513 1936 hic
537 1872 763 1956 significantur,
788 1871 882 1937 Dioni
903 1896 1070 1958 perpaucos
1092 1874 1186 1937 fuisse

182 1998 308 2076 apparet
331 2014 367 2055 ex
389 1991 454 2055 eins
476 2013 566 2069 nece,
592 2013 687 2074 quum
711 1991 897 2056 adstantium
917 1993 1081 2056 amicorum
1097 2015 1185 2056 nemo

182 2108 409 2195 percussoribus
440 2132 472 2173 se
502 2108 625 2195 objecit3
649 2117 771 2174 mortuo
795 2117 896 2175 autem
919 2132 973 2189 ec,
998 2134 1078 2175 unus
1102 2111 1187 2175 fami·

183 2227 304 2290 liarium
334 2226 458 2292 Hicetas
489 2228 721 2292 Aristomachen
751 2236 782 2293 et
808 2231 921 2294 Areten
944 2230 1053 2294 Dionis
1076 2253 1185 2295 uxores

183 2348 215 2410 in
239 2346 363 2410 domum
386 2369 472 2410 snam
495 2354 630 2432 receptas
647 2369 721 2411 auro
736 2348 872 2433 prodidit
887 2349 1073 2413 adversariis.
1105 2349 1186 2414 Hinc

182 2466 323 2550 colligere
357 2464 444 2544 licet,
481 2466 534 2550 qui
565 2466 614 2530 hic
644 2475 791 2531 vocantur
821 2467 925 2539 Δίωνος
955 2468 1060 2546 οἰκεῖον,
1081 2451 1116 2531 in
1139 2469 1186 2532 his

183 2591 327 2669 cognatos
342 2584 436 2648 fuisse
455 2607 550 2670 paene
565 2584 684 2664 nullos,
705 2587 816 2650 amicos
832 2593 934 2651 autem
946 2587 1018 2650 satis
1031 2586 1184 2672 vulgares,

182 2711 322 2768 nontam
338 2703 468 2767 hominis
488 2704 639 2768 studiosos
656 2726 746 2788 quam
763 2705 828 2769 eius
844 2706 991 2790 partium,
1009 2706 1064 2789 qui
1078 2705 1186 2769 Dionis

183 2823 320 2907 exemplo
342 2807 513 2887 liberiorem
535 2823 722 2907 reipublicae
745 2825 872 2889 formam
887 2825 1031 2889 inducere
1047 2847 1203 2889 conarenv

182 2947 242 3005 tur.
277 2940 413 3004 Diodoro
437 2948 539 3005 autem
554 2947 630 3005 teste
647 2940 745 3026 (XVI.
770 2945 839 3028 36),
857 2943 902 3020 hi,
920 2965 1016 3026 quum
1031 2966 1078 3007 res
1093 2966 1186 3007 novas

182 3060 380 3137 molirentur,
412 3082 429 3122 a
460 3058 600 3145 Callippo
629 3061 703 3126 urbe
732 3061 814 3146 pulsi
836 3061 1000 3126 Leontium
1023 3063 1185 3148 fugerunt:

183 3177 313 3250 στάσεως
343 3177 496 3256 γενομένης
526 3186 584 3248 τοῖς
615 3179 719 3252 Δίωνος
749 3180 845 3261 Φίλοις
874 3181 941 3260 πρὸς
965 3180 1139 3246 Κάλλιππον
1161 3183 1185 3247 οἱ

183 3298 236 3376 μὲν
265 3302 315 3362 τοῦ
347 3296 451 3368 Δίωνος
482 3295 561 3375 <bitot
592 3296 758 3373 ἡττηθέντες
786 3297 896 3381 ἔφυγόν
918 3301 957 3372 εἷς
979 3300 1045 3371 τοὺς
1068 3299 1184 3365 Λεοντί-

183 3440 253 3487 νννς.
284 3414 441 3500 Callippus
464 3437 518 3499 per
540 3414 683 3480 tredecim
707 3440 824 3481 menses
847 3418 1008 3502 imperium
1032 3418 1186 3503 Syracusis

181 3534 290 3598 tenuit.
305 3535 329 3618 ¹)
375 3532 463 3613 Quae
492 3540 670 3620 reputantes
701 3536 789 3600 facile
820 3536 1026 3622 intelligemus
1058 3537 1127 3602 illos
1151 3562 1186 3602 eo

181 3660 316 3737 tempore
338 3674 400 3715 non
422 3659 508 3716 tanta
529 3653 622 3716 fuisse
645 3655 794 3739 potentia,
818 3662 854 3719 ut
877 3655 915 3720 de
931 3656 1098 3729 ordinanda
1114 3657 1184 3721 civi·

182 3778 245 3836 tate
268 3770 455 3860 deliberandi
478 3771 515 3835 iis
539 3780 617 3836 esset
639 3774 734 3838 locus

184 3940 375 3950 ----
428 3911 433 3954 l

218 4043 243 4103 1)
259 4042 296 4091 Cf.
314 4043 399 4102 Grote,
418 4043 465 4092 vol.
483 4044 524 4102 XI,
541 4059 565 4107 p.
584 4044 631 4093 129
649 4060 683 4108 sq.
701 4045 814 4094 Diversoa
831 4047 999 4110 Syracusarum
1018 4062 1085 4096 cesus
1102 4047 1186 4096 iudea

183 4137 708 4201 11111111Βί11111111111111111118111111111
725 4140 778 4190 libr.
796 4141 858 4190 laud.
878 4158 901 4205 11.
920 4143 950 4190 13
969 4130 1057 4192 annot?
