2746 4950
664 329 703 391 76

182 531 364 596 vocabulum
394 533 493 613 πορείαν
523 533 560 597 de
587 534 767 619 migratione
790 535 828 598 ad
842 535 962 622 'inferos
985 536 1114 603 Platoni
1136 541 1192 603 fre·

182 672 294 733 quens;
319 650 379 714 vid.
403 650 477 714 ibid.
501 673 531 735 p.
558 652 619 714 115
644 652 689 714 A:
713 649 784 717 οὕτω
807 653 947 733 περιμένει
966 656 1019 730 τὴν
1033 657 1190 727 εἰςἈνδνν

112 764 126 780 ”
181 767 305 849 rupetae.
340 767 454 842 Contra
475 768 601 844 verbnm
623 777 729 834 νοστεῖν
751 772 905 855 poleticum
927 780 973 836 cst
992 795 1049 838 neo
1066 773 1189 840 Platoni

181 888 277 973 magis
294 910 386 972 quam
399 888 506 952 ceteris
520 887 631 952 Atticis
648 889 806 953 usitatum.
833 889 949 954 Ultima
963 891 1057 957 verba
1074 893 1190 967 πάντως

181 1015 327 1087 πανταχῆ
358 1012 431 1070 sunt
461 1005 571 1070 inutile
602 1005 842 1071 additamentum
873 1008 920 1072 vel
950 1009 1055 1094 potius
1081 1032 1192 1075 sonora

181 1126 318 1191 clausula
340 1123 491 1189 tumidam
513 1124 672 1210 periodum
695 1132 765 1210 apte
790 1126 905 1190 finiens.

223 1361 324 1427 Locus
360 1384 451 1447 quem
480 1363 607 1426 tractavi
637 1362 808 1447 exemplum
839 1370 885 1428 est
915 1362 1038 1428 dicendi
1069 1367 1191 1450 generis

179 1482 374 1566 grandiloqui
381 1509 391 1561 ;
423 1489 495 1545 sunt
525 1481 590 1561 alii,
622 1482 655 1546 in
678 1481 790 1565 quibus
814 1483 942 1567 scriptor
964 1482 1107 1548 Platonis
1133 1485 1190 1550 ele·

178 1600 313 1685 gantiam
336 1608 367 1664 et
390 1607 578 1664 venustatem
605 1601 638 1664 iu
660 1599 915 1685 descriptionibus
939 1607 979 1665 et*
992 1602 1189 1668 sermonibus

179 1718 308 1783 affectat.
354 1717 515 1784 Eiusmodi
544 1725 590 1782 est
619 1719 705 1783 locus
730 1719 784 1803 qui
806 1712 919 1804 legitur
941 1742 971 1805 p.
1000 1722 1066 1786 347
1091 1729 1191 1802 extu,

179 1839 233 1922 qui
256 1838 328 1902 huic
350 1838 551 1923 disputationi
574 1838 774 1923 colophonem
797 1838 944 1923 imponat.

221 1955 362 2021 Laudata
388 1964 435 2020 est
465 1956 502 2020 ab
532 1956 673 2020 omuibus
704 1955 869 2020 dramatico
890 1955 1027 2021 Platonis
1051 1980 1101 2021 ars
1127 1980 1189 2044 qna

178 2076 211 2139 in
234 2075 362 2160 dialogis
386 2075 601 2160 componendis
624 2098 699 2138 usus
723 2081 776 2139 est.
812 2073 974 2159 Colloquia
995 2097 1124 2161 prorsus
1150 2077 1190 2142 ad

179 2193 412 2258 similitudinem
435 2194 591 2257 familiaris
614 2193 694 2258 ritae
718 2200 748 2257 et
763 2194 993 2258 consuetudinis
1009 2195 1189 2261 Atticorum

178 2320 251 2378 sunt
270 2314 438 2398 composita
447 2339 456 2390 ;
480 2335 627 2399 personae
649 2313 692 2376 ita
707 2313 878 2398 pinguntur
893 2320 1048 2377 uteorum
1064 2336 1169 2378 mores
1178 2366 1188 2395 ‚

178 2453 283 2496 sensus
308 2440 338 2495 et
361 2430 485 2495 affectus
510 2431 596 2515 quasi
617 2453 735 2508 cernas3
760 2430 926 2516 locusipse
941 2431 1025 2496 velut
1040 2454 1187 2516 praesens

116 2586 119 2592 ·
179 2556 247 2613 ante
271 2549 375 2614 oculos
398 2539 533 2634 punitur.
565 2548 687 2629 Quibus
710 2549 800 2613 rebus
824 2549 965 2613 effectum
988 2556 1048 2627 est,
1073 2557 1111 2615 ut
1135 2550 1190 2616 So·

178 2669 283 2733 cratici
312 2669 427 2753 dialogi
455 2691 518 2733 non
547 2669 644 2753 magis
671 2691 772 2732 rerum
801 2675 831 2732 et
854 2669 1074 2753 cogitationum
1098 2671 1191 2756 copia

180 2810 271 2871 quam
302 2787 421 2874 pottioa
451 2794 607 2852 venustate
638 2776 699 2850 sint
728 2787 862 2872 insignes
892 2795 922 2851 et
948 2809 1010 2851 uon
1032 2788 1189 2854 immerito

177 2906 347 2970 dramatum
377 2907 409 2969 in
441 2929 601 2970 numerum
632 2893 856 2970 accenseantur.
904 2905 1190 2993 Epistolographns

183 3031 286 3089 noster
304 3025 395 3089 etiam
414 3024 471 3088 hac
489 3025 522 3088 in
541 3031 626 3109 parte
645 3023 782 3088 Platonis
802 3032 898 3088 artem
917 3025 1030 3089 imitari
1045 3024 1185 3092 voluisse

179 3143 307 3207 videtur.
350 3143 533 3220 Videamus,
566 3142 719 3226 quomodo
742 3141 775 3206 id
797 3143 825 3207 ei
848 3143 1034 3207 successerit.
1080 3140 1189 3210 Locus

66 3271 72 3289 ³
178 3285 267 3348 qnem
298 3261 429 3326 indicavi
459 3264 499 3347 (p.
524 3264 586 3326 347
612 3260 650 3346 E)
673 3268 719 3325 est
743 3262 887 3347 epistolae
912 3263 998 3346 quasi
1021 3263 1184 3349 epilogus,

178 3403 239 3465 quo
263 3380 444 3459 ostenditur,
469 3380 621 3465 quomodo
641 3380 780 3444 simultas
795 3380 875 3444 inter
890 3381 1049 3445 Platonem
1065 3387 1094 3444 et
1112 3382 1190 3447 Dio-

179 3501 301 3586 nysium
330 3500 384 3564 diu
416 3500 512 3564 celata
542 3499 665 3564 taudem
691 3499 724 3562 in
748 3506 881 3584 apertam
904 3499 1094 3563 inimicitiam
1120 3525 1190 3566 eru-

84 3691 85 3696 *
178 3621 266 3705 perit.
301 3620 436 3706 Scriptor
458 3620 536 3683 hanc
559 3626 675 3704 partem
698 3627 845 3703 tanquam
870 3627 1038 3683 extremum
1060 3619 1189 3685 fabulae

177 3745 279 3803 actum
301 3739 406 3829 pulcre
430 3761 574 3803 exornare
597 3739 727 3803 studuit.

222 3857 320 3938 Μέχρι
355 3833 408 3935 μὲν
438 3858 471 3932 δὴ
493 3858 600 3922 τούτων
628 3856 722 3937 rutra
751 3881 798 3934 μον
821 3855 1032 3934 βεβοηθημένον
1053 3855 1187 3933 ἐγεγόνει

179 3979 341 4059 φιλοσοφίᾳ
369 3979 418 4043 καὶ
449 3977 566 4060 φίλοις·
590 3978 623 4042 τὸ
646 3977 675 4040 δὲ
696 3977 776 4055 μετὰ
802 3984 902 4042 rutra
925 3976 1030 4058 ἐζῶμεν
1052 3977 1109 4053 ἐγὼ
1134 3981 1187 4046 καὶ

180 4096 321 4170 Διονύσιος
328 4147 337 4188 ,
373 4098 430 4180 ἐγὼ
451 4097 505 4176 μὲν
527 4096 646 4177 βλέπων
667 4093 720 4178 ἔξω
749 4095 879 4178 καθάπερ
902 4095 969 4178 ὅρνις
993 4096 1081 4163 ποθῶν
1101 4099 1187 4165 ποθὲν
