2746 4950
511 1150 704 1244 orror
742 1153 840 1267 nir.

303 1492 343 1535 DE
366 1493 514 1536 PLATONIS
536 1493 692 1556 DOCTRINA
716 1493 754 1535 ET
776 1493 915 1536 runcinis
939 1495 1022 1551 QUAE
1046 1496 1078 1537 IN

498 1612 652 1655 urlsuonls
675 1613 889 1656 EXPONUNTUR.

478 2455 622 2517 bachica
645 2455 707 2533 arpi
732 2457 904 2533 ἐπιστήμης.

230 2688 396 2773 Postquam
412 2690 649 2774 exploravimus,
663 2715 740 2775 quae
752 2692 791 2754 sit
802 2692 1009 2777 Epistularum
1021 2695 1095 2758 fides
1104 2702 1134 2757 et
1143 2695 1186 2758 di·

184 2810 310 2894 ligentia
339 2811 372 2874 in
402 2809 492 2874 rebus
519 2811 687 2889 historicis,
717 2835 799 2875 nunc
823 2812 861 2876 ad
884 2813 1095 2897 philosophiae
1118 2814 1186 2877 doc·
1296 2884 1302 2892 ‚

184 2929 294 2992 trinam
318 2915 473 2992 attendere
492 2930 580 3013 juvat
610 2939 640 2993 et
663 2953 820 3013 quaerere,
846 2939 996 3014 quatenus
1019 2932 1092 2995 haec
1119 2932 1185 2995 Pla-

183 3028 302 3111 tonicae
338 3048 548 3133 philosophiae
577 3032 768 3134 respondeat.
814 3050 926 3113 Pleuae
958 3050 1079 3134 quidem
1112 3061 1185 3115 sunt

183 3167 355 3252 Epistulae,
387 3168 548 3252 praecipue
578 3167 667 3244 Vir,
698 3169 854 3233 sententiis
878 3175 908 3233 et
931 3169 1051 3254 placitis
1075 3193 1090 3234 e
1117 3170 1184 3234 Pla·

182 3292 253 3350 tone
284 3287 447 3371 expressis,
473 3295 508 3350 ut
530 3310 623 3372 supra
644 3288 756 3372 passim
779 3289 899 3365 notavi3
925 3288 971 3352 his
995 3296 1096 3353 tamen
1120 3312 1182 3355 non

182 3405 355 3469 continetur
385 3405 594 3490 philosophiae
624 3406 770 3470 doctrina.
814 3406 885 3486 Quo
913 3407 1022 3471 melius
1057 3407 1094 3471 de
1127 3409 1183 3472 hoc

178 3524 315 3609 judicare
327 3525 443 3601 liceat,
467 3525 617 3589 illustrem
641 3525 717 3609 elegi
740 3525 856 3602 locum,
882 3525 935 3609 qui
951 3533 1049 3589 exstat·
1064 3527 1095 3589 in
1113 3527 1183 3611 Epi-

181 3642 260 3707 stola
290 3640 370 3720 VII,
394 3666 423 3727 p.
449 3645 511 3706 342
532 3665 615 3727 sqq.,
640 3644 672 3707 in
692 3665 752 3726 quo
771 3643 929 3707 disseritur
949 3643 986 3707 de
1006 3645 1180 3725 capritanae,

116 3816 123 3833 Ι
181 3783 272 3845 quam
303 3759 541 3845 disputationem
571 3769 710 3826 excutere
739 3775 768 3825 et
799 3784 869 3825 oum
899 3762 1034 3825 Platonis
1064 3763 1101 3826 de
1125 3764 1183 3828 hoc

180 3886 358 3963 argumento
383 3879 520 3943 doctriua
543 3902 715 3965 comparare
730 3881 825 3945 lubet.
850 3879 970 3945 Locum
986 3882 1059 3944 satis
1075 3882 1182 3946 obscu-

98 4056 103 4064 .
179 4020 248 4062 rum
275 3998 366 4083 paulo
390 3999 578 4064 emendatius
602 4007 632 4063 et
655 3999 828 4064 distinctius
852 4022 942 4084 quam
967 4001 1057 4085 vulgo
1081 4001 1182 4066 editur

180 4116 347 4181 describam
370 4129 400 4182 et
422 4117 516 4182 latine
538 4118 767 4202 interpretabor.
