2746 4950
660 345 717 408 107

187 573 306 634 pannus
329 551 480 614 inutiliter
503 536 644 628 esitus,
669 574 737 615 nam
759 552 912 636 scriptoris
928 552 1022 615 menti
1041 550 1191 614 sufficiens

186 668 293 731 fuisset
316 667 429 732 dicere:
453 672 495 746 μὴ
518 669 586 750 πρὸς
610 669 816 751 χρηματισμὸν
838 668 887 733 acl
908 675 1084 735 πλοῦτον...
1108 668 1192 733 ἀλλὰ

187 787 254 864 πρὸς
272 789 385 867 οέρεπήν.
410 787 576 872 Tripartita
598 795 699 852 autem
722 787 775 851 illa
798 787 945 852 bonorum
967 787 1091 866 divisio,
1115 808 1193 870 quae

186 906 322 989 tangitur
345 906 436 970 etiarn
460 905 557 990 Epist.
582 906 662 983 VII,
687 929 716 991 p.
742 909 803 971 331
831 908 876 984 A,
901 907 997 991 petita
1019 914 1065 970 est
1088 928 1104 970 e
1126 905 1197 969 Pla·¹

186 1032 257 1087 tone
280 1024 317 1088 de
340 1024 435 1109 Legg.
460 1026 507 1108 (ut
518 1025 690 1088 notavimus
706 1047 799 1109 supra
814 1048 844 1109 p.
862 1028 925 1110 67).
947 1024 1067 1089 Deinde
1082 1048 1111 1109 p.
1129 1026 1192 1087 355

186 1141 229 1220 Ε,
249 1141 310 1206 Dio
325 1142 520 1228 Syracusanis
537 1143 689 1228 principes
707 1143 898 1208 commendat
913 1143 1101 1229 Hipparinos
1117 1143 1194 1207 duos

186 1268 229 1338 et,
254 1261 337 1346 quod
352 1285 440 1327 nemo
457 1270 673 1347 exspectasset,
690 1263 814 1326 tertium
830 1262 1026 1347 Dionysium,
1048 1263 1086 1325 ad
1102 1283 1191 1346 quem

186 1359 396 1465 expellendum
421 1382 485 1466 ipse
516 1404 599 1445 arma
621 1389 743 1467 ceperat
749 1408 758 1460 3
791 1404 882 1465 quam
905 1382 943 1446 ob
967 1404 1087 1446 oausam
1109 1381 1191 1445 hunc

186 1498 336 1563 addiderit
359 1500 408 1562 vix
431 1501 578 1585 conjicere
601 1500 687 1577 licet,
712 1500 770 1564 nisi
793 1501 870 1564 forte
893 1508 929 1564 ut
951 1501 1116 1565 ternarium
1136 1523 1192 1564 nu·

186 1640 303 1681 merum
319 1619 461 1703 expleret.
493 1617 577 1698 Quid
593 1619 674 1683 enim
690 1641 765 1703 opus
782 1628 844 1682 erat
860 1619 974 1697 tribus,
998 1641 1093 1704 quum
1109 1642 1192 1704 prae·
1274 1646 1275 1650 ¹

185 1738 288 1800 sertim
303 1737 478 1822 Lycurgus,
502 1739 589 1802 cuius
605 1739 748 1803 instituta
770 1739 844 1804 dicit
859 1763 890 1803 se
906 1739 944 1804 ob
961 1739 1065 1803 oculos
1080 1739 1191 1804 habere

184 1860 226 1942 (p.
251 1857 393 1942 35413),
418 1858 495 1922 duos
519 1866 640 1924 tantum
656 1882 739 1944 reges
756 1860 850 1925 creari
865 1860 1004 1924 voluerit.
1033 1858 1189 1923 Vocabulo

183 1977 360 2058 οὶνοσιονρνός
390 2001 434 2049 τις
460 1977 677 2063 intelliguntur
701 1977 859 2064 Callippus
883 1979 991 2042 Dionis
1015 1980 1191 2056 interfector

185 2095 310 2178 ejusque
348 2095 489 2160 facinoris
521 2097 612 2177 socii5
647 2098 826 2180 οὶνοσιονργός
857 2098 1007 2182 significat
1037 2121 1106 2162 eum
1137 2097 1191 2181 qui

184 2213 274 2277 caede
297 2221 328 2278 et
350 2215 456 2299 rapina
479 2238 510 2279 sc
533 2216 645 2301 polluit
678 2239 773 2300 eoque
803 2217 986 2302 inexpiabile
1001 2215 1087 2293 -ἅνος
1121 2239 1192 2280 con·

150 2349 152 2353 ⁴
184 2332 329 2410 traxit,'o‘
345 2334 461 2411 §varta
496 2333 612 2399 Eodem
637 2358 730 2399 sensu
752 2335 785 2399 in
801 2336 897 2422 Epist.
913 2335 992 2414 VII,
1016 2360 1046 2421 p.
1064 2339 1127 2400 335
1144 2335 1188 2412 Β,

181 2450 296 2536 legitur
318 2453 517 2533 ἀνοσιουργίας
541 2461 650 2519 neutra
672 2476 731 2518 vox
753 2455 876 2519 Platoni
899 2466 1053 2541 usurpata.

227 2568 331 2655 Pergit
354 2571 416 2635 sic:
451 2570 615 2656 „Plerique
638 2574 712 2637 talia
740 2574 839 2638 solent
863 2575 933 2639 dare
960 2575 1085 2640 consilia
1111 2597 1189 2659 quae

183 2687 285 2750 amicis
301 2687 448 2766 salubria,
469 2689 608 2754 hostibus
624 2713 694 2754 vero
709 2693 801 2755 noxia
816 2700 847 2756 et
862 2692 986 2756 adversa
1002 2693 1186 2770 habeantur;

183 2806 364 2889 atqui'haec
393 2808 486 2912 vulgo
507 2831 613 2892 aeque
643 2819 755 2875 nocent
785 2812 922 2897 utrisque
954 2812 1101 2896 partibus,
1148 2813 1186 2876 In

182 2933 303 3011 promtu
331 2934 404 2990 sunt
427 2928 564 3012 exempla
586 2951 663 3013 quae
686 2930 744 2992 hoo
767 2929 908 3043 docent?
954 2931 1105 2996 Ultimum
1128 2932 1187 2996 hoc

182 3044 226 3107 ita
248 3045 404 3139 enuntiat:
428 3045 473 3110 δεῖ
492 3047 516 3110 δ’
527 3048 558 3110 οὐ
581 3049 697 3127 μοικρσῖν
714 3047 847 3120 &adcurate
859 3073 907 3113 ποι
917 3049 958 3114 σοὶ
969 3056 1093 3115 ποιοιῦποο
1106 3053 1185 3132 ε’νοιρ·

182 3170 242 3239 νῶι
267 3163 350 3242 ἰδεῖν,
374 3165 443 3228 ἀλλ’
465 3161 520 3229 ὅσοι
542 3172 589 3230 νῦν
611 3164 716 3244 γέγονε
739 3168 807 3248 τῇδε
829 3171 918 3234 adro&
942 3169 1003 3250 περὶ
1028 3171 1183 3236 Σικελῖοονι

181 3283 319 3366 quaesita
341 3284 527 3348 constructio
551 3291 581 3348 et
604 3284 732 3349 obscura
754 3309 826 3370 pro:
851 3287 895 3351 δεῖ
916 3288 982 3352 δὀὐ
1006 3289 1122 3370 μοικρῖιν
1137 3293 1185 3355 ε’)ι-

181 3405 237 3466 θεῖν
264 3399 309 3467 ἵνοι
339 3403 439 3467 cadrei
465 3428 511 3475 τις
538 3401 598 3485 lap,
632 3404 701 3468 ἀλλ’
722 3403 743 3469 ἃ
767 3411 813 3470 νῦν
843 3404 948 3483 γέγονε
977 3415 1093 3472 σκοπεῖν
1124 3411 1184 3474 κπὲ.
1239 3391 1242 3397 ¹

179 3521 248 3585 Jam
272 3521 446 3598 consilium,
470 3521 553 3606 quod
576 3521 703 3586 daturus
727 3529 772 3586 est
795 3523 1008 3608 SyracusaniS‚
1030 3526 1106 3591 dicit
1121 3551 1186 3591 esse

179 3639 336 3723 negotium
360 3639 481 3704 difficile
504 3641 587 3704 factu
610 3663 644 3704 ac
669 3642 769 3725 potius
793 3644 855 3707 voti
874 3644 988 3708 simile:
1014 3653 1079 3709 τοῖν
1097 3644 1120 3710 δ’
1133 3625 1197 3711 dra

181 3758 284 3836 γένοιτ’
313 3758 348 3823 ῖον
376 3759 392 3835 ἢ
416 3762 489 3824 ποῖοι
512 3758 700 3841 ξνμΦέρονπιι
722 3763 831 3841 ἐχθροῖς
853 3789 887 3828 σε
910 3763 958 3828 νοοῖ
983 3765 1079 3845 onoc
1103 3767 1120 3840 ἦ
1144 3764 1185 3831 ὅτι

182 3878 364 3956 σμινρόπνποο
394 3878 488 3943 κοινοῖ
518 3880 673 3960 ἀμφοῖν,
704 3884 792 3944 ποιεῖτ’
824 3880 889 3946 οὔτε
921 3883 1009 3965 ῥᾴδιον
1039 3885 1103 3963 δρᾶν
1127 3885 1187 3947 οὔτ’

183 3997 280 4060 ῖδονποο
299 3999 457 4079 ἐπιτελεῖν,
483 4001 558 4079 εὐχῇ
582 3997 611 4061 δὲ
634 3999 776 4076 προσέοικε
800 4003 817 4074 ἡ
840 4001 958 4074 σοιοιύτνρ
981 4000 1135 4079 Euat-'icam
1153 4029 1185 4068 πε

182 4116 230 4183 νοοῖ
254 4117 429 4201 ἐπιχείρησις
453 4122 503 4181 τοῦ
525 4117 623 4196 λόγον.
656 4117 695 4180 In
710 4118 860 4205 principio
884 4122 1036 4208 genitivus
1052 4129 1107 4192 πῖον
1123 4146 1185 4190 non
