2746 4950
667 342 706 403 97

184 544 380 629 grammatico
411 543 595 629 incognitam
624 545 725 610 fuisse.
772 546 803 609 Si
827 547 1007 611 vocabulum
1030 550 1189 631 λνκοφιλίοο

186 686 205 726 a
225 669 329 726 nostro
352 663 498 748 scriptore
521 663 678 728 inventum
701 673 794 742 esset,
819 665 902 730 laudi
921 666 953 730 id
970 667 997 731 ei
1012 666 1105 731 tribui
1120 688 1187 752 pos·

186 789 246 860 set,
276 780 367 846 modo
390 788 459 867 apte
482 804 517 846 eo
540 804 613 846 usus
637 791 722 848 esset.
741 785 767 853 ll
791 784 823 847 si
845 791 972 869 tyranno
996 787 1121 870 eiusque
1144 808 1189 849 so

185 900 304 965 dalibus
340 900 495 974 tribuisset
528 902 721 983 λυκοφιλίαν,
747 905 894 968 subdolam
927 905 1102 982 amicitiam,
1126 928 1188 969 non

185 1026 261 1082 esset
283 1017 533 1105 vituperandum
556 1019 609 1083 sed
632 1020 714 1104 quod
730 1021 787 1085 sibi
802 1021 860 1107 ipsi
875 1021 935 1086 tale
951 1023 1025 1106 quid
1040 1023 1186 1108 imputat,

184 1138 235 1212 την
265 1139 336 1216 ἕμην
365 1137 415 1202 κοιὶ
434 1139 485 1214 aba
507 1140 697 1222 λυκοφιλίαν,
721 1139 779 1204 hoc
801 1162 872 1204 sane
896 1147 941 1204 est
963 1139 1095 1205 hominis
1118 1163 1188 1205 suae

184 1255 326 1340 dignitati
352 1279 460 1342 parum
491 1257 685 1320 consulentis,

227 1373 348 1438 linitur
378 1375 452 1438 haec
482 1375 625 1459 epistola,
657 1397 780 1460 prorsus
808 1375 886 1439 sicut
915 1375 1028 1455 vilar,
1063 1399 1189 1441 comme-

183 1480 329 1556 morando
356 1492 507 1576 colloquio
530 1493 710 1578 Dionysium
733 1494 811 1557 inter
834 1502 864 1558 et
887 1493 1044 1558 Platonem
1067 1496 1187 1573 habito,

183 1633 243 1695 qno
274 1612 324 1675 hic
351 1612 434 1676 illius
462 1613 702 1677 criminationem
726 1614 846 1676 refutat.
893 1613 994 1678 Etiam
1017 1615 1074 1678 hoc
1099 1615 1189 1678 collo·

183 1730 287 1815 quium
319 1731 353 1794 fit
376 1731 565 1796 adstantibus
588 1731 709 1795 duobus
733 1733 853 1810 amicis,
883 1755 972 1796 scena
994 1733 1068 1797 item
1092 1742 1136 1797 est
1160 1737 1187 1799 ἕν

182 1850 278 1931 κήπῳ,
309 1857 393 1913 totus
425 1850 555 1934 denique
593 1850 678 1914 locus
702 1851 740 1915 ad
764 1851 907 1936 epistolae
929 1851 994 1915 VII
1017 1852 1187 1938 exemplum

182 1968 270 2031 fictus
301 1991 364 2032 esse
396 1966 523 2033 videtur.
571 1969 709 2052 Utraque
733 1992 821 2033 scena
844 1977 888 2033 est
911 1970 1038 2033 imitatio
1062 1969 1190 2033 Socrati·
1261 1993 1264 2000 ·

182 2107 287 2148 corum
318 2085 524 2172 dialogorum,
557 2087 631 2151 haec
654 2087 806 2172 superiore
829 2087 883 2151 illa
905 2088 994 2152 etiam
1017 2087 1189 2172 languidior

183 2212 214 2268 et
235 2204 375 2290 ineptior.

226 2322 287 2401 „In
303 2323 392 2387 horto
408 2324 507 2408 regiae
524 2323 610 2407 (dicit
619 2322 709 2388 Plato
720 2323 757 2388 ad
766 2324 968 2408 Dionysium),
978 2323 1189 2409 praesentibus

183 2440 372 2505 Archedemo
384 2449 415 2505 et
427 2442 618 2520 Aristocrito,
631 2449 667 2506 tu
679 2465 736 2520 me,
750 2442 856 2507 τούτων
868 2443 993 2507 ε’νκνσίον
1005 2442 1187 2520 διηρώτησας,
1207 2432 1209 2439 χ

181 2564 205 2627 εἰ
228 2560 410 2640 μνημονεύω,
434 2565 502 2626 κοτ’
524 2562 624 2642 οὶρχοὶς
647 2560 689 2626 i'r'
715 2559 796 2638 ἦλόον
819 2562 941 2626 κελεύων
962 2586 996 2626 σε
1014 2562 1070 2633 τοὶς
1089 2562 1188 2633 πόλεις

180 2680 236 2751 τοὶς
263 2679 432 2755 Ἑλληνίδος
463 2678 649 2760 κοοσοικίζειν.
681 2681 738 2756 ἐγὼ
769 2679 797 2743 δὲ
827 2678 1000 2761 ξονεχῶρονν
1023 2680 1188 2758 capitatas

181 2801 230 2863 acl
251 2799 292 2864 ἔτι
312 2804 359 2862 νῦν
378 2822 424 2875 μοι
444 2799 532 2863 δοκεῖν
551 2801 638 2864 τοῦτ’
658 2795 729 2863 εἷνκι
750 2797 915 2876 βέλτιστοι
942 2789 1128 2882 „quaerebas
1153 2820 1189 2862 ex

181 2941 245 2996 me,
262 2917 503 2982 meminissemne
522 2940 585 2996 me,
606 2939 701 3002 quum
716 2916 848 3003 primum
866 2918 928 2981 huc
944 2917 1106 2994 venissem,
1123 2940 1189 2981 sua·

181 3035 252 3100 dere
275 3035 332 3099 tibi
354 3043 390 3100 ut
413 3029 543 3099 Graecas
567 3036 702 3100 civitates
721 3035 910 3100 restitueres
957 3034 1024 3120 Ego
1047 3059 1095 3100 me
1118 3036 1189 3099 fate-

181 3154 235 3219 bar
262 3154 434 3218 meminisse
462 3161 492 3218 et
516 3152 642 3238 (addidi)
665 3153 705 3217 id‘
720 3176 802 3217 nunc
825 3153 916 3217 etiam
941 3154 1088 3238 optimum
1112 3153 1196 3217 mibi

180 3272 306 3337 videri.’'
350 3272 501 3357 Deinceps
532 3272 619 3356 quasi
649 3271 779 3355 graviter
804 3270 981 3356 indignatus
1006 3271 1048 3335 sic
1070 3271 1188 3355 pergit;

180 3392 283 3470 locus,
305 3391 362 3456 etsi
378 3391 450 3455 satis
467 3391 594 3475 longua,
614 3397 716 3454 tamen
736 3389 847 3474 dignus
861 3397 906 3453 est
918 3390 971 3474 qui
983 3389 1187 3454 describatur:

181 3509 292 3585 Ῥησέον
317 3509 361 3585 δὲ,
381 3505 401 3574 ὦ
422 3511 563 3591 Διονύσιε,
588 3508 637 3573 cal
654 3511 687 3573 τὸ
707 3509 753 3572 ε’κὶ
765 3509 856 3589 τούτῳ
868 3509 936 3574 τότε
947 3507 1070 3588 λεχθέν.
1085 3508 1189 3587 ἠρόμην
1285 3485 1287 3489 ¹

180 3629 224 3706 db,
241 3627 355 3708 κότερον
372 3628 445 3694 ciri
463 3628 549 3694 τοῦτο’
565 3651 607 3693 σοι
625 3626 877 3705 ξυμβουλεύσοιιμι
889 3627 972 3704 μόνον
984 3628 1000 3703 ἥ
1011 3652 1039 3691 σι
1051 3626 1100 3691 ccl
1113 3625 1188 3691 ἄλλο

180 3749 249 3828 πρὸς
265 3745 374 3826 τούτῳ.
394 3748 429 3811 σὺ
446 3746 475 3810 δὲ
486 3747 535 3810 acl
548 3746 623 3824 μάλ’
635 3745 774 3825 cimencitia
787 3746 984 3824 μεμηνιμένως
997 3745 1046 3810 acl
1059 3745 1186 3825 ὑβριστι-

180 3873 235 3943 κῶς
257 3869 297 3939 εἰς
320 3868 386 3950 aaa,
410 3868 446 3939 ὥς
469 3865 535 3948 ᾤου,
558 3867 598 3931 διὸ
620 3867 653 3931 τὸ
675 3866 743 3931 τότε
766 3867 808 3932 σοὶ
827 3865 957 3947 ὕβρισμα
973 3871 1020 3930 νῦν
1033 3863 1185 3943 ὕσοιροὶντ’

214 4135 238 4196 l)
256 4135 338 4184 Simile
355 4139 391 4186 est
408 4137 546 4187 vocabulum
565 4137 627 4200 quod
644 4136 732 4201 legitur
749 4135 774 4185 in
791 4135 836 4199 up.
847 4134 903 4192 Vll,
917 4150 939 4198 p.
957 4135 1005 4181 350
1015 4133 1042 4191 C,
1052 4135 1181 4191 ξεναπατίοι

1052 4231 1069 4286 7
