2746 4950
526 1073 718 1197 carun
759 1077 837 1173 111

283 1401 322 1444 DE
344 1400 492 1446 PLATONIS
514 1394 691 1446 I'PINERIBUS
715 1403 846 1463 QUORUM
868 1402 902 1447 IN
924 1401 1081 1447 mussona

535 1520 653 1565 Murtmo
675 1521 737 1565 NON
761 1483 821 1566 Pl'l'.

573 1759 783 1800 -οοὶοςοὺ-

226 1980 325 2066 Supra
338 1983 612 2063 animadvertimus,
625 1985 662 2048 de
673 1986 843 2063 itineribus,
856 2006 933 2069 quae
945 1983 1033 2047 Plato
1045 1983 1179 2066 Megara,

182 2097 337 2183 Cyrenen,
350 2101 382 2163 in
394 2103 566 2186 Aegyptum
581 2111 610 2166 et
626 2104 658 2166 in
670 2103 790 2167 Italiam
807 2103 972 2187 suscepisse
988 2101 1136 2178 traditur,
1149 2102 1181 2164 in

181 2217 328 2302 Epistolis
359 2219 474 2283 nullam
505 2221 569 2284 fieri
600 2223 800 2300 mentionem,
832 2223 891 2285 imo
920 2228 1016 2284 totam
1038 2220 1182 2283 narratio-

182 2359 252 2400 nem
275 2338 319 2400 ita
341 2339 536 2422 compositam
552 2362 631 2418 esse,
648 2348 684 2404 ut
703 2340 937 2432 peregrinationi
951 2340 983 2402 in
999 2338 1181 2422 longinquas

181 2463 276 2520 terras
299 2457 349 2519 vix
371 2457 456 2520 locus
479 2458 610 2542 relinqui
635 2459 780 2524 videatur.
816 2458 847 2522 si
871 2459 950 2522 enim
972 2458 1096 2543 quaein
1113 2457 1183 2542 Epi·
1216 2495 1218 2502 ·

182 2573 262 2637 stola
283 2573 347 2638 VII
369 2583 436 2639 turn
459 2576 496 2640 de
517 2576 652 2640 Platonis
675 2577 876 2641 adolescentia
895 2585 962 2641 turn
982 2577 1018 2640 de
1039 2577 1099 2639 vita
1115 2582 1183 2659 post

181 2690 313 2755 Socratis
335 2701 463 2758 mortem
486 2695 615 2759 Athenis
639 2704 704 2758 acta
727 2717 824 2778 usque
847 2695 884 2759 ad
908 2695 1125 2779 profectionem
1148 2693 1181 2757 in

181 2809 304 2875 Italiam
326 2819 503 2890 narrantur,
528 2820 642 2877 attente
665 2813 810 2898 legimus,
834 2812 911 2877 nihil
933 2812 1016 2876 aliud
1036 2811 1107 2875 inde
1123 2811 1191 2875 effi*

181 2931 296 2994 ciamus
329 2932 389 2995 nisi
418 2931 493 2996 hoc:
525 2932 683 2996 Platonem
710 2955 764 3017 per
792 2955 880 2996 omne
906 2931 985 2995 illud
1008 2939 1127 3016 tempus
1149 2932 1182 2993 in

182 3050 280 3133 patria
309 3050 473 3129 mansisse,
494 3051 585 3134 idque
612 3052 793 3135 transegisse
816 3051 926 3136 partim
949 3048 1090 3114 ineundis
1114 3070 1183 3112 con·
1250 3036 1253 3044 ’

183 3167 257 3230 siliis
281 3167 317 3232 de
345 3170 527 3254 capessenda
553 3170 725 3254 republica,
754 3171 863 3256 partim
891 3168 1100 3254 philosophiae
1122 3175 1183 3230 stu·
1228 3185 1230 3190 ·

183 3285 258 3363 diis,
282 3288 411 3352 maxime
433 3311 504 3351 vero
528 3288 762 3373 cogitationibus
786 3288 823 3351 de
844 3287 1031 3352 emendanda
1046 3286 1182 3363 civitate,

184 3413 273 3489 atque
304 3406 374 3470 inde
404 3407 437 3470 in
468 3407 568 3471 animo
599 3408 664 3472 eius
694 3415 797 3471 natam
828 3430 891 3471 esse
920 3407 1004 3470 illam
1036 3405 1183 3490 perfectae

184 3525 314 3589 civitatis
344 3525 487 3603 formam,
516 3527 648 3610 quaein
671 3548 760 3612 opere
783 3525 844 3607 aspi
868 3524 1020 3596 Πολιτείας
1045 3544 1184 3607 expressa

184 3650 246 3707 est:
278 3663 370 3726 quam
401 3665 494 3727 quum
525 3645 557 3708 in
593 3644 718 3708 Graecia
746 3643 881 3709 effectam
907 3642 993 3707 reddi
1020 3663 1108 3726 posse
1131 3639 1180 3703 de-

184 3768 331 3846 speraret,
364 3762 637 3847 quadragenarium
659 3764 764 3827 relicta
794 3763 891 3849 patria
920 3763 952 3825 in
979 3760 1100 3824 Italiam
1134 3759 1183 3824 ab·

182 3878 261 3942 iisse.
308 3877 427 3958 Quodsi
450 3879 529 3943 intra
552 3878 609 3944 hoc
636 3901 785 3944 annorum
807 3879 1001 3942 intervallum
1023 3876 1111 3940 Plato
1135 3874 1183 3938 vel

182 3996 283 4061 taedio
306 4019 406 4061 rerum
429 3998 563 4061 civilium
579 3998 634 4062 ‘rel
656 3997 794 4062 discendi
815 3998 912 4081 gratia
935 4017 1057 4081 peregre
1080 3994 1183 4078 aliquo

186 4115 338 4201 profectus
360 4123 455 4194 esset,
480 4116 618 4200 scriptori
640 4116 683 4180 ita
705 4115 791 4200 loqui
818 4137 880 4178 non
905 4114 1002 4178 licuit.
1048 4112 1122 4175 Post
1141 4134 1185 4175 re-

1003 4229 1065 4288 ll*l
