2746 4950
649 344 690 404 38

205 551 263 615 His
294 553 439 637 expositis
470 551 548 615 redit
572 550 608 614 ad
639 549 837 634 Dionysium,
873 572 963 633 quem
987 549 1099 612 iterum
1125 572 1174 612 os-

160 671 259 736 tendit
282 694 343 735 non
367 671 496 735 ductum
519 670 612 733 luisse
632 691 732 733 amore
748 669 978 755 philosophiae3
1002 641 1173 761 siluisset,

161 798 221 862 πῶς
240 790 277 856 ἂν
299 794 341 868 μὴ
364 791 533 867 tuouuarba
556 789 592 853 ὢν
614 789 755 868 ἄνθρωπος
778 786 826 851 τὸν
846 789 977 866 ἡγεμόνα
996 788 1105 852 τούτων
1120 787 1172 852 aa}

161 910 251 989 κύριον
267 909 325 992 (his
343 907 440 972 verbis
458 907 605 991 seipsum
623 906 782 991 signifieat)
798 903 885 976 οὕτως
902 908 1026 985 εὐχερῶς
1042 906 1175 982 dalnart

163 1030 229 1092 ποτ’
254 1026 308 1103 οἶος
332 1026 399 1089 Hac
422 1033 525 1089 autem
549 1025 582 1088 in
605 1033 690 1110 parte
713 1046 765 1109 spe
789 1024 953 1087 frustratus
974 1023 1105 1087 alterum
1122 1046 1175 1088 ne·

163 1146 282 1230 gotium
298 1144 482 1229 aggreditur.
507 1142 620 1206 Narrat
635 1165 710 1226 quas
726 1141 879 1206 molestias
895 1141 1069 1227 pertulerit,
1092 1164 1175 1224 quos

123 1348 125 1352 Ι
162 1265 280 1329 labores
304 1263 485 1349 impenderit
507 1271 543 1326 ut
566 1263 696 1326 Dionem
719 1263 839 1347 tyranni
863 1263 894 1326 in
918 1263 1045 1346 gratiam
1068 1285 1176 1327 recon-

163 1384 297 1460 oiliaret,
322 1405 414 1465 quam
437 1381 550 1466 perfide
573 1403 643 1445 vero
667 1388 698 1444 et
720 1381 833 1467 injuste
855 1381 908 1445 ille
930 1380 1058 1446 Dionem
1083 1381 1176 1446 bonis

164 1502 227 1565 suis
259 1500 448 1585 spoliaverit5
476 1509 542 1564 tum
566 1499 671 1564 multis
695 1498 793 1563 verbis
817 1500 941 1584 exponit
964 1499 1174 1579 simultatem,

161 1620 277 1706 jurgia,
313 1620 381 1682 lites
415 1618 486 1682 inde
521 1618 578 1683 sibi
613 1641 683 1681 oum
716 1616 863 1702 Dionysio
893 1625 993 1696 ortas,
1026 1640 1105 1701 quae
1138 1642 1175 1683 eo

165 1744 326 1802 evaserunt
349 1743 385 1798 ut
408 1744 561 1822 postremo
584 1758 616 1799 re
640 1736 752 1799 infecta
775 1735 909 1799 Siciliam
932 1735 1099 1819 reliquerit.

209 1855 247 1919 ln
278 1855 524 1939 Peloponnesum
551 1853 670 1917 delatus
694 1853 1017 1960 Olympiaexoonvenit
1039 1853 1177 1919 Dionem

165 1975 197 2038 in
232 1972 313 2037 bello
348 1970 491 2035 adversus
525 1981 689 2056 tyrannum
724 1971 858 2057 parando
893 1979 1093 2056 occupatum,
1122 1973 1178 2037 oui

165 2100 283 2170 tamen,
307 2091 420 2176 pietate
444 2090 559 2154 scilieet
582 2112 653 2175 erga
676 2091 858 2176 Dionysium
881 2091 1010 2170 ductus,
1034 2091 1109 2175 quia
1124 2091 1178 2157 hio

166 2233 262 2295 quum
286 2209 422 2274 occidere
445 2231 476 2272 se
500 2210 651 2295 potuisset
673 2210 705 2273 id
728 2232 791 2273 non
814 2211 933 2275 fecisset
956 2213 996 2296 (p.
1021 2213 1084 2275 350
1107 2211 1176 2298 G.),

166 2329 239 2394 belli
262 2329 379 2393 socium
402 2351 434 2391 se
458 2327 622 2413 adjungere
644 2335 773 2392 recusat.
809 2327 896 2393 Bella
919 2352 990 2393 sane
1007 2331 1176 2395 excusatio.

166 2448 225 2512 His
257 2447 347 2512 diotis
379 2446 502 2532 subjicit
532 2446 632 2511 denuo
664 2446 772 2511 Dionis
802 2447 1026 2526 laudationem,
1058 2449 1178 2532 inqua

165 2590 271 2631 rursus
294 2568 327 2630 in
350 2566 504 2630 verbosam
529 2566 778 2637 declamationem
806 2566 844 2630 de
867 2567 954 2651 probi
977 2568 1050 2631 oivis
1073 2568 1176 2633 officio
1237 2598 1239 2602 ·

166 2684 327 2750 delabitur.
362 2684 517 2747 Postremo
544 2683 772 2748 commiseratnr
794 2685 880 2749 triste
903 2685 986 2749 illius
1009 2687 1124 2750 iatum:
1152 2683 1176 2770 ᾧ

166 2804 198 2877 δὴ
222 2803 350 2885 σφαλεὶς
372 2810 482 2880 κεῖνον,
507 2803 645 2868 Σοκελίοον
667 2804 760 2868 πένθει
775 2805 939 2884 περιβαλὼν
954 2789 1052 2885 aeolia
1083 2803 1177 2869 Olau-

167 2922 213 2984 dit
237 2921 395 3006 epistolam
418 2921 544 2985 lectores
567 2921 735 3000 monendo,
759 2922 833 2986 haec
856 2923 958 2986 omnia
980 2946 1012 2986 se
1032 2923 1176 2988 retulisse

164 3041 212 3104 aa
235 3041 286 3113 ria
309 3041 434 3104 οὶτοντίοον
458 3039 507 3104 κον)
531 3039 657 3117 duorlar
680 3039 912 3118 advortendum
936 3041 968 3126 (l.
987 3040 1173 3127 λεγομένων),

165 3166 288 3245 propter
313 3158 459 3223 absurdos
483 3160 531 3223 his
556 3159 593 3222 de
615 3159 706 3223 rebus
729 3182 874 3224 rumores.
906 3160 1018 3223 Addit:
1034 3163 1058 3225 εἰ
1074 3160 1098 3225 δ’
1113 3161 1174 3242 ἄρον

165 3278 218 3343 τινὶ
248 3276 291 3342 τοὶ
321 3283 368 3342 νῦν
391 3278 507 3359 ῥθέντοο
530 3279 712 3358 εὐλογώτερον
732 3276 826 3354 ε’Φοὶνη
848 3278 897 3343 aui
921 3278 1081 3359 προΦοὶοεος
1103 3279 1173 3359 πρὸς

168 3397 208 3462 τοὶ
237 3396 382 3473 γενόμενον
411 3397 514 3467 laruda
544 3397 625 3476 ἔχειν
650 3395 725 3472 ἔδοξέ
747 3421 804 3476 τῳ,
828 3398 949 3477 μετρίως
971 3395 1008 3461 ἂν
1031 3399 1099 3475 ἡμῖν
1122 3397 1172 3462 aa}

169 3517 270 3593 Ιἱκοονῶς
294 3513 336 3590 εἴη
359 3515 400 3580 τοὶ
422 3520 469 3580 νῦν
492 3514 633 3595 εἰρημένα.

212 3753 261 3816 En
292 3753 437 3837 epistolae
464 3758 669 3837 conspectum.
715 3751 785 3815 Jam
808 3752 891 3836 quod
918 3753 951 3816 in
975 3755 1059 3817 omni
1083 3755 1174 3840 serip-

169 3871 267 3948 tione,
291 3871 421 3935 maxime
443 3894 514 3935 vero
537 3872 569 3934 in
593 3871 738 3956 epistola,
761 3872 893 3956 primum
916 3872 1105 3956 postulatur,
1130 3883 1175 3938 est

168 3996 204 4053 ut
227 3989 382 4074 proposito
414 3991 454 4053 sit
477 3996 686 4052 consentanea.
733 3989 781 4052 De
804 3989 862 4052 hoo
887 3990 981 4073 igitur
1006 3991 1174 4057 videamus.

135 4089 137 4093 Α
214 4107 322 4175 Dionis
354 4109 459 4187 amici,
485 4114 605 4174 mortuo
629 4106 705 4173 duee
729 4116 760 4171 et
782 4114 914 4187 rectore,
939 4110 1060 4174 civitate
1082 4111 1174 4176 intes-
