2746 4950
649 371 712 431 232

177 578 315 654 μεγέθους
353 585 406 650 τῆς
435 585 487 649 τῆς
518 576 612 655 ἀρχῆς
628 627 635 640 .
649 625 680 640 ..
700 582 798 639 τοῦτον
827 576 992 655 προδοῦνιιι,
1029 577 1063 639 σὲ
1093 576 1122 639 δὲ
1143 577 1185 639 τὸν

177 695 315 762 ἀδικοῦνθ’
360 688 474 758 incedat
516 693 565 757 κοι1
601 696 662 756 πιῖν
697 694 765 772 δροῖν
800 694 855 774 ὁπῇ
896 696 932 759 σὺ
972 695 1183 775 προσέταττες,

177 813 262 880 ἕνεκοι
290 812 452 893 χρημάτων
482 814 566 888 δῆλον
597 810 656 877 ὅτι·
691 813 767 877 οὐδὲν
797 813 857 892 νοδρ
887 812 923 877 διν
953 809 1049 892 ἕτερον
1083 813 1185 896 ἔφησεν

177 934 268 999 οοῖτιόν
282 957 326 1004 τις
342 928 413 996 εἷνοιι
428 940 482 1006 τῆς
497 932 570 1010 ἐμῆς
585 930 757 1008 μετοιβολῆς
779 930 827 1015 (ef.
852 929 909 1016 Ep.
932 929 985 1008 II,
1002 953 1036 1015 p.
1055 934 1119 995 312
1136 931 1183 1015 G):

178 1052 232 1117 ubi
254 1050 333 1115 illud
361 1049 453 1128 ἔφυσέ
475 1074 520 1121 τις
543 1047 580 1114 διν
602 1048 641 1113 ad
665 1049 859 1134 pervulgatus
882 1071 1020 1113 rumores
1041 1051 1186 1136 respicere

179 1192 242 1235 non
266 1169 427 1234 obscurum
452 1174 507 1232 est.

221 1287 279 1351 His
303 1293 405 1351 autem
429 1283 601 1349 rumoribus
626 1283 767 1370 Epistola
789 1308 889 1349 veram
913 1286 1045 1370 opponit
1070 1308 1187 1350 causam

177 1429 231 1472 cur
258 1406 346 1469 Plato
370 1404 504 1468 Siciliam
528 1402 655 1480 adierit,
679 1425 791 1489 nempe
814 1411 850 1467 ut
873 1404 1050 1469 ostenderet
1075 1429 1109 1470 se
1130 1428 1189 1470 uon

176 1531 300 1589 tantum
320 1523 442 1626 dicendi
462 1522 595 1608 peritum
612 1545 676 1586 esse
685 1571 694 1600 ,
712 1521 765 1586 sed
782 1530 921 1607 paratum
938 1523 1030 1587 etiam
1048 1523 1091 1588 ad
1107 1547 1193 1610 agen·

177 1642 265 1719 dum,
299 1640 331 1706 11.
360 1664 385 1706 e.
421 1641 459 1705 ad
490 1640 621 1705 civitatis
653 1641 775 1725 negotia
797 1641 975 1719 tractanda,
1001 1665 1031 1727 p.
1059 1645 1127 1707 328
1152 1642 1193 1707 0:

176 1760 271 1842 τυύτρ
292 1760 345 1837 μὲν
369 1760 403 1834 δὴ
427 1768 463 1840 τῇ
488 1759 596 1842 διοινοίρι
619 1759 845 1840 τεκοι1τόλμρ
867 1760 968 1838 οέπῆριι
990 1760 1117 1845 οἴκοθεν,
1139 1763 1197 1842 οὐχ

177 1876 195 1959 ᾖ
224 1879 297 1950 τινὲς
324 1876 472 1958 ἐδόξοιζον,
496 1878 566 1940 ἀλλ’
590 1875 796 1956 αἰσχυνόμενος
819 1877 873 1952 μὲν
896 1877 1024 1955 {asab
1047 1878 1085 1943 τὸ
1109 1881 1198 1958 asyr-

176 2020 259 2070 πτεν,
282 1996 325 2072 μὴ
342 1994 458 2072 δόξαιμί
475 1997 541 2059 ποτ’
552 1997 670 2075 decurri
682 1996 711 2059 ἐν
727 1995 850 2071 λόγοις
869 1995 952 2072 μόνον
964 1997 1105 2077 ἀτεχνῶς
1121 1993 1198 2063 εἷνοιί

176 2138 237 2189 τις,
257 2113 359 2191 ἔργου
380 2112 404 2177 δ’
411 2113 519 2185 οὐδενὸς
534 2109 571 2176 ἄν
586 2113 649 2177 ποθ’
660 2114 728 2178 ἑκὼν
741 2111 940 2193 dilataverim.
963 2113 1196 2181 Proficisecudo

176 2231 338 2318 Syracusas
357 2231 441 2316 justo
460 2253 531 2316 erga
553 2231 776 2316 philosophiam
801 2231 899 2297 officio
915 2255 947 2295 se
961 2231 1050 2316 fungi
1059 2234 1197 2318 putabat

177 2351 219 2435 (p.
248 2352 311 2413 329
340 2350 395 2434 B):
426 2350 511 2414 ἐλθών
537 2353 566 2415 τ’
581 2350 707 2426 ε’ριοιυτδν
730 2350 909 2430 ἠλευθέρωσαν
932 2350 999 2422 Διὸς
1024 2349 1119 2444 ξενίου
1142 2352 1195 2417 uxi

177 2477 229 2541 τῆς
252 2468 415 2551 φιλοσόφου
437 2468 620 2544 νῖνένκλητεν
642 2476 746 2547 μοῑροος
770 2468 933 2550 πυρὲπχονε
957 2492 1068 2555 nempe
1081 2479 1121 2535 ut
1134 2472 1197 2536 for-

180 2586 291 2651 mando
314 2587 451 2672 principe
474 2595 505 2652 et
527 2587 694 2652 condendis
717 2588 837 2672 legibus
850 2589 1080 2674 philosophiam
1098 2593 1194 2657 etiam

178 2707 293 2791 populo
318 2714 471 2791 acceptam
488 2715 518 2770 et
533 2708 711 2771 honoratam
728 2707 886 2784 redderet,
903 2706 949 2773 ἵνοι
960 2733 1007 2786 μοι
1019 2713 1133 2790 τιμῷτο
1144 2719 1195 2793 φι-

178 2825 306 2907 asarota
327 2825 376 2889 νυοὶ
399 2827 481 2907 ποιροδ
501 2829 542 2906 τῷ
565 2827 678 2901 πλήθει.
724 2827 823 2912 Epist.
848 2827 900 2904 Π,
925 2850 955 2912 p.
976 2830 1040 2892 312
1065 2831 1106 2893 A.

224 2941 317 3023 Quod
340 2950 441 3007 autem
466 2943 504 3006 ad
528 2943 779 3009 consuetudinem
805 2945 869 3008 eius
886 2968 955 3010 cum
971 2945 1123 3031 Dionysio
1148 2959 1195 3013 at·

178 3061 274 3140 tinet,
303 3062 369 3146 ipse
399 3070 614 3128 commemorat
644 3063 756 3148 passim
788 3065 885 3127 varias
907 3064 1137 3132 criminationes
1162 3077 1194 3133 et

178 3201 314 3245 rumores
346 3181 383 3245 ab
414 3182 545 3247 inimicis
577 3182 653 3246 falso
683 3183 741 3246 sibi
764 3182 875 3247 oblata.
922 3183 960 3247 In
983 3184 1031 3248 his
1053 3186 1193 3269 primum

178 3298 279 3364 locum
311 3307 416 3365 tenent
446 3300 582 3379 διοιβολοιὶ
615 3301 872 3379 adversariorum,
903 3304 957 3387 qui
987 3303 1122 3369 Dionem
1148 3316 1194 3392 ty·

178 3440 274 3482 ranno
298 3418 330 3482 iu
353 3418 556 3504 suspicionem
580 3419 774 3485 adduxerunt
805 3422 892 3504 quasi
914 3421 999 3485 illius
1021 3445 1118 3507 regno
1148 3426 1193 3490 in·

178 3535 349 3602 sidiaretur.
401 3535 511 3621 Neque
548 3537 637 3602 Plato
671 3538 813 3602 immunis
845 3539 1062 3624 perhibebatur
1092 3541 1193 3608 huius

178 3655 374 3720 consiliorum
381 3681 391 3734 3
427 3656 647 3735 accusabatur,
683 3657 766 3741 quod
800 3659 896 3743 magis
930 3657 1024 3723 Dioni
1059 3661 1193 3747 eiusque

178 3773 292 3853 amicis,
308 3774 481 3854 Heraclidi,
497 3775 665 3853 Theodoti,
679 3775 764 3853 aliis,
781 3777 895 3840 faveret
910 3799 1003 3861 quam
1017 3779 1082 3862 regi
1097 3783 1192 3847 cuius

177 3891 336 3964 fruebatur
366 3892 510 3978 hospitio.
556 3893 677 3958 Diserte
709 3894 766 3957 hoc
790 3894 903 3958 dicitur
926 3895 1023 3980 Epist.
1047 3895 1133 3975 VH,
1160 3924 1191 3986 p.

178 4012 243 4076 350
259 4011 303 4090 Ο,
321 4011 375 4076 ubi
390 4011 479 4076 Plato
496 4013 533 4076 de
552 4012 700 4098 Dionysio
713 4015 834 4080 scribit:
852 4012 920 4086 ἴσως
933 4017 1049 4091 ἡγεῖτο,
1059 4016 1192 4094 διοιβοιλ-

177 4127 284 4196 λόντων
306 4136 436 4205 πολλῶν,
459 4130 655 4210 ἐπιβουλεύειν
678 4133 729 4209 ἐμὲ
752 4132 832 4210 aaa
854 4139 904 4198 τοῦ
928 4134 1057 4217 (Διίονυς)
1090 4136 1190 4220 {aare}
1238 4168 1240 4172 ·
