2746 4950
704 336 821 413 ον’

219 554 308 619 alteri
331 554 467 620 eiusdem
491 555 641 620 enuntiati
663 555 798 620 membro
820 555 927 621 τοῦτον
950 557 982 630 δὴ
1006 557 1057 621 κοοὶ
1082 558 1164 622 πόλει
1178 578 1229 641 op

218 674 345 759 ponitur
367 674 478 740 hoece:
502 675 610 741 τοῦτον
636 676 668 751 δὴ
694 677 743 740 uni
767 676 830 755 περὶ
854 675 964 749 πόλεως
987 678 1086 743 οοὺποῦ.
1132 676 1229 742 Totus

218 800 321 857 autem
344 793 429 856 loeus
451 799 539 858 tanta
560 793 677 859 laborat
702 794 862 859 verborum
886 795 1077 880 prolixitate,
1102 803 1150 860 tot
1169 818 1228 859 am-

218 912 348 997 bagibus
379 919 411 1000 et
439 911 582 976 inanibus
611 912 843 991 additamentis,
876 921 912 977 ut
939 913 1052 998 legenti
1075 936 1137 978 non
1160 935 1229 999 pos-

219 1030 281 1094 sint
303 1053 366 1094 non
388 1029 524 1094 taedium
539 1030 645 1095 faeere.
686 1030 956 1096 Animadvertatur
970 1032 1061 1096 modo
1078 1032 1110 1096 in
1126 1032 1226 1117 priore

219 1149 279 1213 looi
294 1157 380 1234 parte
395 1149 504 1235 septies
519 1149 581 1234 legi
595 1148 802 1228 ξυμβουλεύειν
819 1158 849 1214 et
863 1149 1123 1229 ξομβονλεύεσθοοι,
1136 1150 1226 1214 variis

220 1267 318 1332 modia
342 1275 373 1331 et
395 1267 508 1332 formis.
908 1283 911 1290 '

263 1383 405 1449 Ceterum
427 1386 459 1449 in
483 1385 541 1450 hoe
564 1407 686 1470 quoque
709 1367 776 1450 loeo
799 1386 880 1450 elara
902 1393 1022 1450 exstant
1045 1385 1223 1451 Platonicae
1248 1370 1249 1373 Ἴ

218 1504 398 1568 imitationis
425 1504 560 1588 vestigia.
585 1502 730 1600 Initium,
755 1505 818 1585 περὶ
841 1504 1002 1585 χρημάτων
1027 1508 1111 1581 arde.
1129 1505 1146 1580 ἢ
1163 1505 1225 1584 περὶ

180 1603 182 1606 ’
219 1623 353 1698 σώροοοσος
380 1622 396 1697 ἢ
419 1629 521 1703 ψυχῆς
545 1623 729 1702 ἐπιμελείας,
752 1623 782 1687 in
813 1623 988 1687 memoriam
1012 1631 1132 1687 revocat
1148 1645 1226 1707 quae

218 1739 364 1824 leguntur
386 1739 424 1803 de
446 1739 542 1824 Legg.
565 1739 632 1819 ΙΠ,
658 1742 720 1806 697
745 1740 792 1818 D,
816 1741 871 1805 ubi
893 1740 968 1805 dicit
994 1740 1111 1804 civibus
1135 1748 1165 1804 et
1184 1740 1224 1804 le·

219 1858 355 1943 gislaton'
387 1859 485 1943 primo
515 1858 582 1922 loeo
612 1846 754 1944 ponenda
784 1881 849 1922 esse
878 1860 919 1924 τοὶ
949 1859 1012 1940 περὶ
1043 1861 1095 1934 τὴν
1121 1860 1224 1940 ψυχὴν

197 1977 337 2055 ayma,
352 2027 359 2042 .
373 2025 402 2041 ..
427 1977 546 2058 δεύτερον
568 1977 598 2042 δὲ
619 1978 660 2042 τὰ
683 1977 746 2056 περὶ
769 1977 803 2042 πὸ
825 1983 911 2055 rapa
931 1978 1013 2043 κονὶιοὶ
1024 1977 1161 2055 maaet,
1178 1975 1227 2041 κονὶ

219 2096 303 2177 πριποὶ
325 2096 366 2160 ea
388 2095 451 2176 περὶ
474 2097 526 2171 τὴν
548 2097 646 2161 οὐσίοον
668 2097 717 2161 nai
740 2098 893 2177 χρήμοοσον
915 2096 1074 2175 λεγόμενον.
1109 2095 1228 2160 Deinde

220 2213 327 2277 verba:
352 2212 529 2298 ονύπόκλνρπος
542 2261 549 2276 .
564 2261 593 2277 ..
617 2215 667 2279 οὐκ
690 2212 814 2295 ἔρχομαι
829 2212 1072 2292 ξομβονοιεύσων,
1088 2212 1242 2292 erectas-1
1290 2277 1292 2281 ,

220 2354 263 2403 νος
294 2331 323 2394 δὲ
349 2331 405 2396 οὐδ’
430 2330 467 2396 ἂν
493 2331 550 2404 οἷὸς
573 2329 590 2413 ᾖ
613 2354 685 2410 μον,
709 2330 797 2412 δούλῳ
828 2331 856 2396 δὲ
985 2330 1224 2413 προσβιαζοίμην,

221 2450 336 2529 ποοπέροο
365 2449 426 2526 δίἲ
456 2450 568 2530 μνπέρον
598 2452 655 2532 οὐχ
682 2448 753 2516 δ’σιον
777 2453 905 2529 dyadem
929 2448 1153 2532 προσβιάζεσθαι
1164 2500 1173 2529 ,
1198 2457 1228 2514 et

220 2566 378 2652 deinceps:
394 2566 473 2645 ·βιόον
492 2568 520 2632 δὲ
539 2567 653 2649 ποιπρίδι
667 2616 674 2632 .
689 2616 720 2632 ..
745 2570 787 2643 μὴ
806 2569 991 2651 προσφέρειν,
1016 2591 1052 2633 ea
1067 2575 1175 2653 sponte
1195 2569 1227 2631 in

219 2692 353 2750 mentem
386 2685 474 2750 nobis
508 2693 652 2750 revocant
680 2685 832 2750 illustrem
860 2686 962 2751 locum
986 2685 1102 2750 Criton.
1127 2708 1157 2770 p.
1184 2687 1223 2750 51

220 2803 262 2882 0,
286 2804 341 2869 ubi
363 2803 523 2888 loquentes
545 2804 735 2869 inducuntur
756 2805 780 2869 οἱ
802 2804 913 2884 Νόμοι,
942 2805 995 2890 qni
1018 2804 1146 2883 docent,
1167 2805 1227 2868 sin-

219 2924 320 3009 gulari
342 2925 401 2988 aivi
430 2924 545 3009 patriae
568 2925 626 2988 sub
647 2924 768 3010 legibus
790 2932 864 2988 nato
888 2932 919 2988 et
941 2923 1071 2988 educato
1094 2947 1156 2988 non
1180 2947 1225 2988 ae·

220 3042 311 3126 quale
329 3045 382 3128 jus
405 3065 468 3107 esae
491 3065 561 3107 oum
584 3044 699 3129 patria,
724 3065 787 3108 non
808 3044 906 3128 magia
930 3065 1021 3127 quam
1037 3065 1107 3107 oum
1123 3066 1227 3129 paren·

218 3162 303 3225 tibus
333 3170 387 3226 aut
418 3184 488 3226 oum
518 3161 659 3240 domin03
691 3185 783 3247 quare
815 3162 841 3225 si
873 3162 973 3248 patria
1004 3161 1123 3246 aliquid
1140 3161 1228 3248 jubet

220 3278 303 3364 quod
337 3279 479 3364 iniquum
512 3279 570 3344 tibi
599 3280 755 3358 videatur,
787 3280 894 3357 lieere,
926 3280 952 3343 si
974 3280 1089 3365 possis,
1123 3279 1227 3344 πείθειν

219 3400 310 3473 adata
344 3395 363 3480 ᾖ
391 3400 425 3463 πὸ
454 3398 559 3464 eruam
589 3399 722 3483 πέφυκε,
762 3407 793 3462 at
825 3421 887 3463 non
918 3398 1008 3463 licere
1040 3399 1105 3463 eiua
1133 3396 1227 3483 jussis

218 3516 382 3594 obsistere3
406 3516 468 3580 rim
495 3538 565 3581 vero
588 3517 698 3580 infame
721 3517 856 3602 patriae,
879 3515 912 3580 id
935 3516 1025 3601 plane
1048 3514 1132 3579 nefas
1145 3537 1225 3578 esse:

216 3633 369 3714 βιάζεσθαι
396 3633 489 3715 δὀὐχ
519 3633 591 3699 ὅσιον
620 3634 687 3700 οὔτε
715 3635 828 3714 antipa
854 3634 920 3700 οὔτε
942 3634 1074 3714 πονσέροο,
1100 3636 1174 3698 πολὺ
1197 3634 1226 3698 δὲ

215 3753 324 3819 ποόπων
346 3753 389 3818 ἔπι
412 3751 497 3830 ἧππον
518 3755 571 3829 σὴν
594 3753 730 3835 empna.
763 3751 851 3834 Quae
870 3753 921 3817 hie
939 3752 977 3816 de
989 3751 1226 3837 obtemperando

217 3871 335 3955 patriae
366 3893 462 3956 aeque
489 3894 523 3936 ae
546 3880 707 3957 parentum
727 3873 821 3958 jussis
844 3872 1006 3948 dicuntur,
1038 3871 1070 3934 in
1098 3869 1226 3954 epistola

217 3990 444 4056 transferuntur
470 3991 509 4054 ad
533 3991 660 4055 consilia
682 3992 798 4077 patriae
821 3992 869 4056 vel
892 3989 1068 4076 parentibus
1092 3987 1202 4052 danda.

265 4109 330 4172 Iam
353 4132 572 4195 persequamur
595 4110 809 4194 cogitationem
833 4109 987 4184 ordinem,
1010 4107 1064 4191 qui
1080 4107 1167 4171 valde
1182 4108 1226 4171 in·

1072 4225 1090 4282 5
1099 4224 1117 4260 fi
