2746 4950
653 361 715 419 236

178 565 270 628 vitam
298 574 329 628 et
351 588 448 628 mores
472 565 614 629 conviciis
637 566 901 643 contaminarunt,
927 589 996 631 eum
1014 567 1126 651 gulae,
1143 567 1187 629 de·

179 683 256 746 liciis
280 693 311 747 ct
332 683 512 748 libidinibus
536 683 697 747 indulsisse
721 683 864 748 dicentes.

224 801 343 865 Horum
376 801 492 886 primus
526 801 585 864 fuit
615 801 851 885 Aristophanes,
884 802 954 885 qui,
988 803 1013 864 si
1047 825 1121 866 vera
1144 810 1187 865 est

179 919 325 982 Meinehii
359 920 524 996 sententia,
544 920 566 1002 ί)
600 918 789 998 Ἀριττύλλοιι
824 919 945 982 nomine
982 920 1184 998 Aristoclem,

178 1037 261 1120 quod
276 1036 398 1100 Platoni
420 1059 531 1101 nomen
553 1036 628 1114 fuit,
654 1037 722 1100 risit
736 1036 768 1100 in
784 1036 876 1100 Pluto
891 1059 935 1100 vs,
953 1039 1019 1101 314
1027 1087 1037 1116 ,
1065 1039 1140 1102 item
1156 1039 1185 1101 in

176 1154 408 1233 llcelesiaausis‚
440 1154 493 1219 ubi
516 1155 705 1218 Platonicam
728 1156 881 1220 Πολιτείαν
903 1156 936 1219 in
960 1156 1060 1220 risum
1086 1158 1183 1221 vertit.

177 1273 295 1337 Deinde
318 1273 491 1358 Epicrates,
517 1273 588 1356 qui,
612 1280 690 1336 teste
714 1272 888 1350 Athenaeo,
913 1272 962 1351 II,
989 1297 1018 1358 p.
1039 1278 1101 1354 54,
1119 1299 1183 1340 enm

176 1395 209 1456 in
229 1416 348 1457 scenam
365 1393 510 1478 produxit
529 1393 613 1476 gravi
632 1392 722 1456 vultu
742 1392 780 1455 de
797 1392 956 1457 cucurbita
972 1392 1183 1478 disputantem

177 1535 246 1577 eum
270 1512 442 1598 Speusippo
466 1519 496 1576 et
518 1511 708 1575 Menedemo.
739 1511 817 1576 'lum
841 1511 971 1597 Amphis
995 1513 1029 1576 in
1053 1513 1183 1578 Deride-

177 1630 273 1708 mide‚
304 1631 337 1694 in
370 1653 430 1714 qua
461 1629 564 1694 fabula
592 1651 660 1693 eum
683 1629 775 1692 refert
797 1630 926 1693 istorum
949 1629 982 1692 in
1007 1653 1185 1710 numerum,

176 1773 306 1834 quorum
328 1749 496 1813 affectatam
512 1749 572 1812 oris
588 1748 743 1812 tristitiam
759 1748 839 1812 ridet
852 1747 872 1812 J
874 1748 1011 1813 uvenalis
1020 1798 1029 1827 ‚
1052 1751 1110 1834 qui
1126 1773 1186 1814 cor·

176 1875 284 1952 rugata
312 1890 429 1952 semper
455 1867 554 1931 fronte
578 1866 806 1952 perambulant:
830 1863 851 1931 ὦ
873 1867 999 1933 Πλιίτωι
1012 1915 1021 1932 .
1036 1918 1067 1934 ..
1094 1869 1187 1950 ι’ίττερ

176 1987 300 2066 κοχλίας
316 1993 425 2063 σεμνῶς
441 1987 565 2066 {ripuar
581 1986 636 2058 τας
652 1988 748 2066 ὀφρῦς.
773 1985 874 2070 (Diog.
887 1984 990 2049 La'e'rt.
1004 1985 1074 2065 HI,
1092 1989 1184 2073 tae).

176 2105 310 2168 Maxime
325 2126 395 2168 vero
412 2103 576 2188 exagitavit
591 2125 660 2166 eum
676 2102 795 2180 Alexis,
820 2103 875 2187 qui
890 2103 993 2189 plures
1011 2107 1187 2190 composuit

176 2223 310 2299 fabulae,
335 2244 465 2306 quarum
488 2230 620 2306 quatuor
643 2221 840 2285 nominantur
862 2244 880 2285 a
901 2220 1025 2285 Laertio
1041 2223 1097 2287 lib.
1117 2223 1184 2302 III,

176 2344 193 2428 b
225 2345 284 2418 27,
319 2343 498 2424 Ἀγκυλίων,
539 2318 681 2424 Miconis,
716 2338 964 2422 Ὀλαμτιιῖωμς,
998 2341 1186 2421 Παραίσιτις,

175 2464 208 2527 in
231 2461 343 2547 quibus
363 2461 452 2525 Plato
474 2483 543 2526 cnm
566 2460 630 2524 risu
648 2469 783 2525 not-atur.
807 2459 890 2545 (vid.
914 2461 1076 2540 Meineke,
1103 2463 1186 2527 Hist.

177 2584 243 2647 crit.
268 2581 354 2645 Com.
379 2580 412 2658 I,
437 2604 467 2665 p.
491 2581 577 2664 380).
612 2579 677 2643 Alii
700 2602 769 2643 eum
793 2580 1019 2665 descripserunt
1034 2588 1185 2666 tanquam

176 2701 330 2766 hominem
362 2699 502 2777 mollem,
537 2720 702 2783 puerorum
735 2698 888 2763 amoribus
915 2698 1073 2777 deditum,
1109 2701 1186 2765 eius·

177 2843 236 2905 que
267 2819 409 2905 discipuli
439 2818 648 2904 depinguntur
671 2826 706 2882 ut
729 2818 935 2883 adolescentes
959 2817 1033 2882 belli
1055 2825 1088 2882 et
1112 2819 1185 2883 dcli-

177 2939 254 3017 cati,
284 2940 379 3002 fastus
403 2961 437 3001 ac
461 2937 626 3022 voluptatis
648 2937 745 3021 magis
769 2959 860 3021 quam
883 2936 1098 3022 philosophiae
1124 2947 1186 3002 stu·

177 3057 264 3122 diosi.
312 3056 383 3121 Huc
424 3057 598 3120 referuntur
638 3078 742 3119 versus
775 3055 911 3140 Ephippi
939 3055 973 3119 in
1004 3054 1183 3141 Naufrago,

178 3177 260 3262 apud
291 3149 491 3242 Athenaeum
515 3174 579 3253 XI,
613 3199 643 3260 p.
674 3177 736 3239 509
761 3173 804 3252 O,
829 3174 883 3238 ubi
910 3174 1093 3240 describitur
1117 3176 1186 3239 ado·

177 3297 291 3362 lescens
309 3303 365 3361 τῶν
387 3295 421 3372 ἐξ
442 3294 639 3372 Ἀκαδημείας
655 3318 698 3365 τις
715 3293 769 3358 ὑπὸ
784 3291 952 3368 Hadrume,

309 3413 341 3480 εὖ
363 3415 417 3492 μὲν
442 3413 582 3496 μαχαίρᾳ
604 3412 687 3506 ξύστ’
710 3412 786 3492 ἔχων
808 3413 1001 3493 τριχώματα,

310 3532 342 3600 εὖ
365 3535 388 3598 δ’
401 3532 559 3604 ὑποκαθιεὶς
582 3532 683 3610 ίιταμα
705 3531 840 3609 πώγωνας
862 3532 957 3609 βαίη,

309 3651 342 3719 εὖ
364 3653 428 3717 δ’ἐι
451 3651 557 3732 πεδίλῳ
579 3649 926 3730 cabarsusitanus,
948 3651 1008 3715 κτὲ.

222 3772 353 3838 Comicis
385 3771 481 3856 poetis
511 3770 593 3835 haud
624 3769 759 3834 mitiores
790 3769 927 3832 Platonis
959 3769 1079 3833 aemuli
1100 3771 1183 3834 fuere

177 3892 352 3980 philosophi
375 3890 529 3955 Socratici.
560 3888 648 3955 Licet
671 3889 753 3953 enim
773 3896 953 3974 exaggerata
973 3888 1035 3952 sint
1050 3911 1131 3974 quae
1147 3889 1183 3954 de

178 4059 346 4072 ——a-

211 4168 234 4229 l)
252 4167 306 4216 Vid.
324 4181 406 4232 supra,
424 4181 448 4232 p.
467 4165 514 4215 125
532 4180 568 4231 aq.
