2746 4950
665 369 702 428 57

182 585 283 649 atum,
314 574 400 656 quasi
424 573 563 658 promissi
587 574 716 650 oblitus,
741 574 805 638 vela
830 573 982 637 contrahit
1001 581 1031 636 et
1043 573 1188 636 orationis

182 694 246 757 eius
277 692 475 756 summarium
506 699 626 756 tantum
657 692 756 768 affert,
789 691 859 755 inde
880 714 898 755 a
921 692 1034 756 verbis:
1059 692 1186 756 κοοτνολέ-

181 836 240 889 poa
268 813 297 874 δὲ
322 813 374 886 τήν
398 836 431 875 τε
453 812 547 892 ἀρχὴν
569 820 622 885 τῆς
646 813 776 882 'Italics
800 813 860 876 κτὲ.
909 810 1008 875 Simili
1031 811 1121 874 modo
1144 812 1188 874 in·

181 933 227 994 fra
257 955 287 1016 p.
319 932 381 994 339
414 930 440 993 Β
471 930 582 994 citatur
612 930 751 1014 Dionysii
782 900 820 993 bd
854 930 1013 994 Platonem
1039 930 1186 1016 epistola:

182 1049 249 1130 πρὸς
266 1049 324 1127 aaa
344 1048 376 1122 δη
396 1047 497 1112 πόντον
519 1054 619 1113 τοῦτον
633 1046 664 1123 ἦν
676 1049 933 1126 παρεσκευασμένη
946 1049 1011 1132 (ην)
1027 1051 1079 1123 την
1094 1049 1188 1129 οῖρχην

181 1165 293 1247 ἔχοντο
313 1168 482 1241 ηὲπνττολη
500 1167 569 1246 τῇδέ
588 1190 628 1247 πη
648 1167 816 1250 Φρόζουτοο·
833 1168 1000 1245 »Διονύσιος
1014 1164 1188 1232 Πλοότωνν·”

181 1284 223 1349 τόν
234 1291 343 1361 νόμιμον
355 1285 402 1349 ἐπὶ
417 1284 526 1356 τούτους
542 1285 726 1366 structore
737 1287 769 1350 τὸ
786 1285 867 1363 μετόν
882 1291 966 1350 τοῦτο
982 1282 1046 1350 εἶπε
1059 1284 1188 1367 πρότερον

183 1405 199 1479 ἢ
223 1407 259 1474 ὡς
283 1402 318 1467 όον
341 1405 380 1476 εἷς
404 1403 541 1468 Σικελίαν
564 1403 688 1475 πεισθεὶς
714 1405 767 1483 ὑφ’
792 1407 871 1481 ἡμῶν
895 1405 975 1485 ἔλόης
998 1404 1038 1469 τόν
1058 1409 1104 1468 νῦν
1126 1408 1187 1469 ari.

182 1522 296 1607 Incipit
324 1523 411 1606 quasi
434 1529 530 1585 totam
553 1522 713 1607 epistolam
736 1523 810 1607 ipsis
833 1522 932 1587 verbis
961 1522 1186 1608 descripturus;

182 1640 236 1705 sed
266 1650 335 1726 post
364 1640 591 1725 inscriptionem
619 1641 766 1729 Διονύσιος,
791 1643 927 1707 nataeve
957 1649 987 1706 ct
1013 1643 1054 1707 τόν
1078 1642 1188 1719 νόμιμον

182 1758 229 1825 ἐπὶ
252 1759 362 1831 τούτοις
385 1760 485 1838 εἰπόν,
506 1782 567 1844 quo
590 1759 667 1824 nihil
691 1761 879 1845 significatur
902 1761 961 1824 nisi
977 1760 1102 1825 verbum
1117 1761 1188 1839 χοί-

182 1904 251 1961 ρενν,
270 1879 373 1942 statim
390 1879 423 1943 in
439 1878 618 1943 indirectam
636 1880 804 1944 orationem
821 1878 975 1945 delabitur
992 1888 1022 1944 et
1038 1901 1187 1943 summam

181 2005 303 2063 tantum
337 1997 483 2083 epistolae
516 2020 586 2061 cum
605 1998 732 2062 ¹lectore
767 1999 980 2064 communicat.
1030 1999 1189 2062 Praeterea

182 2117 260 2180 aliae
283 2123 356 2180 sunt
377 2115 538 2180 verborum
561 2115 719 2201 ambages:
743 2119 776 2182 ἐν
799 2116 908 2182 ποοντὸς
930 2116 1032 2198 τρόπου
1049 2116 1188 2180 additum

182 2235 281 2300 verbis
314 2233 356 2299 ότι
390 2233 527 2314 τόχνοτοο
555 2235 664 2320 inepta
699 2242 744 2299 est
775 2235 978 2300 abundantia:
1010 2257 1080 2299 nam
1109 2254 1188 2299 unus

182 2363 307 2419 tantum
326 2360 391 2417 erat
412 2352 515 2432 τρόπος
539 2375 575 2417 ex
599 2354 703 2417 Attica
724 2355 756 2417 in
780 2353 915 2418 Siciliam
931 2353 1089 2431 veniendi,
1113 2353 1144 2416 h.
1162 2376 1188 2416 e.

182 2472 261 2536 navi.
296 2470 413 2535 Eodem
435 2471 611 2556 pleonasmo
634 2495 709 2537 usus
733 2479 779 2536 est
802 2473 894 2558 paulo
918 2479 1002 2555 ante,
1019 2495 1049 2558 p.
1067 2473 1129 2537 397
1148 2470 1187 2535 O:

182 2592 255 2674 ᾠηόη
286 2591 341 2655 δεῖν
371 2592 403 2655 ἐκ
428 2590 537 2662 ποιητός
568 2590 671 2671 τρόπου
699 2591 738 2663 εἰς
770 2601 845 2672 Συρ.
873 2588 916 2656 ότι
940 2591 1076 2671 τοόχνοτοο
1099 2591 1189 2654 ἕλόεῖν

182 2707 243 2786 ἐμέ.
276 2709 388 2793 Arguit
399 2709 457 2774 hoc
473 2709 617 2795 putidum
632 2710 817 2774 imitatorem
832 2710 985 2787 Platonis,
1003 2710 1056 2793 qui
1069 2708 1188 2795 saepius

181 2829 239 2903 hac
262 2829 392 2893 formula
414 2829 531 2906 utitur,
555 2828 608 2893 sed
630 2836 728 2906 recte,
752 2828 848 2894 veluti
863 2828 999 2913 Euthyd.
1017 2851 1046 2913 p.
1064 2830 1128 2892 382
1145 2828 1187 2890 A:

182 2948 226 3013 δεῖ
245 2948 278 3022 δη
304 2949 337 3013 ἐκ
362 2947 471 3022 παντός
494 2946 596 3028 τρόπον
619 2946 730 3014 ἅπαντ’
753 2946 844 3030 ἄνδρα
865 2954 949 3014 τοῦτο
973 2945 1189 3029 ποοροντκενοόζε-

181 3068 264 3142 τόνον,
287 3065 362 3138 όπονς
391 3069 427 3138 ὥς
458 3066 627 3145 τοφότοοτος
659 3068 760 3132 derat:
789 3069 866 3131 omni
889 3070 987 3145 υοοόο,
1012 3075 1085 3131 sunt
1108 3065 1189 3131 enim

181 3185 257 3248 varii
278 3184 361 3248 modi
384 3185 549 3270 sapientiae
573 3187 786 3271 assequendae.
811 3185 857 3250 De
880 3185 954 3271 Rep.
980 3184 1045 3263 VI,
1061 3188 1125 3248 499
1143 3185 1187 3247 A:

182 3304 276 3385 ζητεῖν
306 3305 359 3380 μὲν
387 3305 440 3379 την
469 3305 607 3378 οῖληόείοον
633 3304 851 3383 ξυντετοοριένος
883 3307 915 3371 ἐκ
938 3306 1046 3376 ποοντὸς
1070 3304 1187 3386 τρόπου;

183 3422 317 3486 diversae
347 3423 460 3509 quippe
492 3431 569 3504 sunt¹
595 3423 785 3509 indagandae
798 3424 942 3488 ‘veritatis
965 3424 1040 3487 viae.
1087 3422 1189 3486 Etiam

183 3542 257 3605 alias
287 3541 465 3605 huiusmodi
493 3542 663 3606 locutiones
691 3559 712 3606 ‘a
746 3542 874 3607 Platone
902 3543 1056 3607 desumtas
1087 3549 1190 3606 noster

182 3661 283 3745 inepte
313 3660 436 3738 inserit,
466 3636 501 3725 ut
523 3661 604 3726 κοντοὶ
625 3661 744 3743 τρόπον,
769 3685 799 3746 p.
824 3663 888 3726 339
913 3663 959 3725 D:
983 3659 1064 3727 κοντόν
1087 3659 1189 3742 τρόπον

182 3779 243 3859 όρόῇ
266 3779 452 3857 πορευομένης
475 3779 526 3859 ὁδῷ
549 3788 601 3854 τῆς
624 3779 792 3851 πολοτεόοοςε
816 3780 897 3844 κοντόν
919 3779 1020 3858 τρόπον
1040 3778 1189 3863 significat

182 3903 365 3974 οονοοονοόαοοο
387 3899 485 3975 neoda,
507 3898 585 3981 ον’όορ
615 3899 679 3982 jam
702 3895 785 3982 quod
807 3900 869 3978 ὀρθῇ
894 3897 944 3979 aab
964 3896 1112 3978 πορεύετνυ
1131 3898 1188 3961 hoc

181 4037 253 4077 sane
276 4013 356 4079 κοντόν
378 4019 480 4094 τρόπον
503 4014 662 4107 πορεύετοον.
709 4014 829 4079 Ibidem
853 4015 944 4099 paulo
967 4023 1037 4100 post
1060 4036 1115 4099 pro
1131 4014 1188 4078 hoc

182 4131 269 4222 ponit
291 4129 320 4199 ἔν
345 4155 398 4195 τννν
424 4129 535 4212 τρόπῳ,
559 4155 589 4217 p.
614 4134 677 4195 331
702 4131 745 4195 B:
770 4130 806 4197 όον
828 4132 882 4209 μέν
904 4156 951 4211 μοι
974 4131 1007 4197 τό
1030 4133 1095 4198 καθ’
1119 4128 1188 4209 ἡμέ-
